2882 3633
1176 98 1350 134 ⁴⁴³4ae
1410 90 1716 135 1180444*-

372 198 468 247 ὀντὶ
499 205 588 247 τῶν
622 205 943 262 καθηρημένων
971 199 1226 262 ἀνέστησαν.
1258 204 1303 248 οἱ
1332 204 1381 247 δὲ
1410 197 1705 255 κατελθόντες
1732 200 1902 259 αὐτῶν,
1943 201 2116 265 ἀδελφὰ
2145 204 2202 253 τὰ
2228 201 2509 265 βουλεύματα

370 281 468 327 τοῖς
501 274 650 335 ἔργοις
685 278 776 321 τῶν
804 270 967 322 ἐνθάδε
996 277 1206 333 κειμένων
1235 270 1579 329 ἐπιδεικνύντες,
1623 271 1706 322 οὐκ
1735 277 1811 323 ἐπὶ
1838 279 2059 339 τιμωρίαν
2086 281 2177 326 τῶν
2200 279 2388 340 ,ε’-»θοῶν
2413 276 2509 327 ἀλλ’

368 350 441 395 ἐπὶ
471 350 696 409 σωτηρίαν
724 351 805 409 τῆς
832 344 1003 401 πόλεως
1032 344 1291 411 ἐτράποντο,
1319 352 1392 396 καὶ
1420 345 1516 395 οὔτ’
1536 349 1841 397 ἐλαττοῦσθαι
1861 346 2093 408 δυνάμενοι
2114 348 2355 401 οὔτ’..αὖτοὶ
2377 355 2509 401 πλέον

369 422 482 478 ἔχειν
525 419 725 480 δεόμενοι
766 427 847 483 τῆς
882 425 963 481 μὲν
996 420 1142 469 αὐτῶν
1173 424 1431 484 ἐλευθερίας
1459 425 1534 468 καὶ
1561 428 1659 474 τοῖς
1686 424 1974 480 βουλομένοις
2002 420 2228 472 δουλεύειν
2256 428 2510 483 μετέδοσαν,

368 499 448 555 τῆς
475 495 513 540 δ’
544 497 721 542 ἐκείνων
749 498 952 549 δουλείας
971 495 1101 543 αὐτοὶ
1120 497 1319 555 μετέχειν
1339 494 1417 542 οὐκ
1438 492 1647 557 ἠξίωσαν.
1677 495 1892 557 ἔργοιςδὲ
1913 497 2144 556 μεγίστοις
2162 501 2235 546 καὶ
2255 500 2509 553 καλλίστοις

367 565 713 631 ἀπελογήσαντο,
744 568 819 617 ὅτι
849 567 902 617 οὐ
930 572 1063 631 κακίᾳ
1092 574 1147 633 τῇ
1175 570 1322 617 αὐτῶν
1353 567 1443 617 οὐδ’
1473 567 1608 632 ἀρετῇ
1629 572 1719 617 τῶν
1739 571 1965 629 πολεμίων
1984 565 2199 633 πρότερον
2218 567 2508 634 ἐδυστύχησεν

368 641 395 704 ἦ
425 640 572 697 πόλις·
615 646 656 691 εἰ
699 643 783 706 γὰρ
813 641 1130 698 στασιάσαντες
1158 642 1270 706 πρὸς
1297 641 1515 706 ἀλλήλους
1544 645 1626 705 βίᾳ
1655 640 1891 705 παρόντων
1918 647 2292 707 Πελοποννησίων
2316 648 2390 695 καὶ
2419 649 2507 694 τῶν

367 715 512 762 ἄλλων
540 720 718 779 ἐχθρῶν
746 720 812 771 εἷς
841 716 924 780 τὴν
952 717 1098 765 αὐτῶν
1129 716 1219 765 οἷοί
1248 725 1289 765 τ’
1318 720 1519 779 ἐγένοντο
1547 721 1821 773 κατελθεῖν,.
1844 721 1979 780 δῆλον
2008 716 2080 766 ὅτι
2109 719 2280 780 ῥᾳδίως
2307 717 2361 767 ἂν
2390 717 2508 778 ὁμο-

366 795 567 843 νοοῦντες
596 795 803 849 πολεμεῖν
834 789 988 845 αὐτοῖς
1017 790 1240 839 ἐδύναντο.
2086 834 2089 837 .

487 872 647 913 Menex.
671 883 767 924 pag.
789 872 890 917 239.
914 872 961 913 Β.
993 864 1230 926 Εὐμόλπου
1259 870 1340 927 μὲν
1371 864 1446 914 οὖν
1474 870 1547 914 καὶ
1577 864 1830 927 Ἀμαζόνων
1858 864 2293 930 ἐπιστρατευσάντων
2323 868 2397 915 ἐπὶ
2418 866 2507 928 ,τήν

363 936 511 999 χώραν
539 944 612 985 καὶ
642 946 731 986 τῶν
759 941 827 986 ἐτι
856 943 1084 1002 προτέρων
1113 938 1174 992 ὠς
1204 937 1441 1000 ἠμύναντο,
1484 944 1557 987 καὶ
1586 939 1648 993 ὡς
1679 939 1845 1001 ἤμυναν
1871 939 2087 1001 Ἀργείοις
2114 939 2227 1003 πρὸς
2257 942 2508 999 Καδμείους

362 1016 434 1058 καὶ
458 1010 764 1073 Ἡρακλείδαις
793 1011 905 1074 πρὸς
929 1011 1174 1074 Ἀργείους,
1204 1011 1232 1059 ὅ
1259 1031 1307 1060 τε
1336 1009 1491 1074 χρόνος
1518 1015 1686 1074 βραχὺς
1710 1010 1854 1071 ἀξίως
1883 1011 2208 1076 διηγήσασθαι,
2247 1015 2433 1075 ποιηταί
2461 1031 2510 1061 τε

362 1084 508 1132 αὐτῶν
552 1085 636 1147 ἤδη
674 1090 835 1138 ἱκανῶς
873 1084 955 1146 τὴν
989 1083 1150 1147 ἀρετὴν
1177 1087 1222 1132 ἐν
1250 1091 1440 1147 μουσικῇ
1470 1083 1744 1147 ὑμνήσαντες
1772 1089 1837 1139 εἰς
1866 1084 2035 1140 πάντας
2062 1085 2369 1148 μεμηνύκασιν·
2429 1092 2507 1134 Hic

362 1165 481 1205 locus
510 1165 868 1216 simplicissimum
900 1170 941 1205 et
970 1165 1229 1205 verissimum
1262 1164 1388 1205 habet
1418 1165 1688 1217 explicatum,
1707 1165 1741 1206 si
1774 1166 1829 1207 ita
1860 1166 2107 1218 accipimus,
2127 1171 2170 1207 ut
2190 1177 2240 1209 ex
2262 1165 2503 1217 pervulgato

362 1236 435 1278 ilio
477 1237 656 1279 artificio
705 1237 894 1280 oratorio
942 1236 1097 1279 dictum
1140 1241 1362 1290 putemus,
1407 1249 1490 1291 quo
1535 1249 1640 1291 quae
1685 1237 1851 1281 silentio
1884 1238 2212 1291 praetermittere
2243 1237 2438 1281 nolumus
2467 1243 2508 1280 et

362 1310 555 1362 pluribus
596 1311 921 1353 commemorari
963 1323 1045 1353 non
1086 1311 1241 1362 patitur
1283 1311 1389 1352 ratio
1431 1311 1635 1352 orationis
1666 1316 1832 1353 nostrae
1863 1313 1923 1353 sic
1954 1313 2135 1354 breviter
2164 1317 2288 1364 atque
2316 1312 2433 1365 quasi
2464 1312 2504 1353 in

361 1389 600 1424 transcursu
631 1384 889 1433 attingimus.
953 1384 1000 1425 Et
1030 1388 1166 1424 tamen
1198 1384 1482 1434 suspicantur,
1518 1383 1583 1424 his
1614 1395 1781 1435 quoque
1812 1385 1950 1425 verbis
1979 1384 2126 1438 Lysiae
2158 1383 2504 1435 vituperationem

360 1456 580 1497 contineri.
643 1455 725 1498 Sed
759 1462 802 1497 ut
833 1456 1103 1508 concedatur,
1134 1456 1247 1508 quod
1280 1466 1398 1496 secus
1430 1456 1579 1507 habet,
1610 1455 1822 1497 Platonem
1855 1456 1938 1497 iilis
1964 1456 2101 1498 verhis
2122 1467 2215 1497 vere
2235 1455 2505 1507 significasse,

359 1530 460 1569 haec
492 1529 681 1570 fabulosa
714 1534 755 1570 et
786 1530 942 1570 incerta
973 1530 1025 1570 ah
1058 1530 1128 1569 tali
1161 1529 1377 1580 oratione,
1426 1533 1469 1568 ut
1502 1540 1606 1581 quae
1639 1529 1680 1568 in
1712 1529 1802 1569 luce
1835 1528 2035 1570 historiae
2066 1533 2107 1570 et
2134 1529 2320 1571 veritatis
2349 1528 2502 1570 versari

358 1602 548 1654 deberet,
577 1603 837 1652 segreganda
869 1608 909 1643 et
939 1602 1196 1643 excludenda
1229 1601 1374 1653 fuisse,
1405 1602 1498 1642 talis
1527 1606 1588 1642 est
1619 1602 1741 1642 huius
1770 1602 1854 1642 loci
1876 1603 2006 1654 ratio,
2027 1607 2070 1644 ut
2090 1603 2263 1644 omnino
2284 1602 2337 1643 ad
2359 1612 2504 1644 omnes

357 1681 564 1729 oratores,
595 1676 666 1730 qui
699 1676 773 1718 has
803 1687 871 1718 res
902 1676 944 1717 in
975 1675 1240 1717 orationihus
1271 1675 1356 1716 suis
1386 1679 1613 1717 tractarant
1632 1686 1681 1716 ac
1702 1675 1897 1717 laudibus
1919 1680 2238 1718 ornarant-nam
2260 1674 2411 1729 Lysian
2432 1685 2502 1718 eas

355 1749 540 1802 primum
571 1755 611 1792 et
642 1761 769 1792 unum
799 1753 996 1791 tractasse
1028 1748 1122 1801 quis
1153 1746 1323 1790 credat?
1340 1747 1592 1800 -pertineat.
1641 1745 1773 1801 Quid,
1804 1748 1920 1802 quod
1951 1748 2053 1792 haec
2084 1748 2127 1791 in
2148 1748 2298 1802 Lysian
2329 1748 2501 1791 minime

355 1822 574 1866 transferri
610 1827 816 1876 possunt,
861 1833 988 1876 quum
1021 1822 1056 1864 is
1087 1833 1138 1864 ne
1169 1821 1298 1864 verbo
1333 1820 1502 1875 quidem
1535 1820 1586 1863 de
1618 1820 1826 1873 Eumolpo
1858 1832 1934 1864 nec
1965 1821 2018 1864 de
2049 1821 2130 1875 iis,
2174 1832 2280 1875 quos
2310 1820 2426 1865 Plato
2458 1821 2501 1865 in

355 1905 577 1938 commune
599 1895 738 1938 verbis
760 1895 857 1942 τοῖς
877 1886 1094 1950 πρότερον
1112 1893 1376 1947 significavit,
1406 1894 1459 1936 sit
1489 1893 1667 1937 locutus.
1731 1892 1873 1948 ltaque
1903 1894 2006 1938 haec
2025 1895 2330 1946 argumentatio
2351 1895 2501 1938 merito

355 1965 503 2006 inverti
547 1970 711 2017 potest,
756 1972 880 2017 atque
912 1963 967 2007 ita
999 1966 1220 2006 concludi:
1268 1966 1378 2008 hunc
1410 1966 1549 2008 locum
1581 1977 1665 2008 non
1697 1966 1739 2008 in
1771 1965 1921 2020 Lysian
1952 1965 2109 2009 dictum
2140 1979 2255 2020 esse,
2304 1968 2400 2020 quia
2432 1968 2501 2008 hic

354 2042 499 2078 orator
529 2048 598 2079 eas
631 2048 715 2091 res,
750 2047 852 2089 quas
884 2036 926 2078 in
956 2036 1196 2077 huiusmodi
1228 2035 1419 2077 oratione
1450 2038 1619 2077 tractari
1651 2035 1768 2077 Plato
1796 2036 2032 2088 vituperare
2052 2036 2230 2089 dicatur,
2250 2048 2333 2078 non
2357 2048 2502 2079 omnes

354 2111 567 2162 tetigisset,
594 2115 718 2162 atque
751 2109 847 2151 inde
878 2109 1013 2161 sequi,
1045 2114 1087 2149 ut
1109 2108 1225 2149 Plato
1259 2108 1342 2149 illis
1362 2108 1516 2159 verbis,
1535 2108 1570 2148 si
1593 2119 1715 2160 quem
1737 2113 1962 2160 spectasset
1983 2109 2068 2150 sive
2088 2110 2353 2162 respexisset,
2370 2111 2498 2152 alium

354 2185 415 2226 vel
446 2185 553 2226 alios
583 2188 775 2225 oratores
806 2183 861 2223 oh
895 2182 1042 2223 oculos
1074 2181 1280 2222 hahuerit.
1343 2179 1425 2223 Sed
1448 2191 1543 2221 vera
1566 2180 1673 2221 ratio
1698 2181 1878 2233 videtur,
1910 2187 1953 2223 ut
1972 2187 2066 2224 ante
2088 2182 2243 2224 dictum
2267 2188 2349 2223 est:
2381 2183 2497 2226 Plato

354 2269 481 2310 quum
513 2257 719 2310 quidquid
750 2256 803 2297 ad
837 2255 1001 2297 laudem
1033 2255 1209 2296 civitatis
1240 2255 1485 2306 pertineret,
1515 2258 1684 2304 tangere
1705 2259 1828 2307 atque
1850 2254 2072 2307 complecti
2095 2256 2288 2297 velletne
2310 2255 2499 2299 fabulosa

354 2330 523 2384 quidem
557 2335 753 2373 vetustate
786 2329 957 2382 omissa,
986 2334 1026 2370 et
1057 2334 1194 2370 tamen
1225 2328 1278 2371 ad
1310 2328 1472 2381 reliqua
1506 2326 1735 2380 festinaret,
1768 2332 1865 2370 nota
1898 2328 1968 2371 iila
2000 2328 2180 2372 formula
2203 2342 2299 2373 usus
2318 2335 2378 2373 est
2398 2342 2499 2373 ora-

355 2405 481 2457 toria,
511 2419 560 2447 ac
591 2419 634 2447 se
667 2419 713 2447 ea
746 2405 911 2447 silentio
942 2404 1277 2455 praetermittere
1308 2403 1447 2458 dixit,
1478 2415 1612 2455 neque
1644 2402 1776 2451 magis
1806 2401 1870 2443 his
1899 2403 2037 2444 verbis
2065 2418 2088 2445 a
2110 2404 2281 2446 Platone
2313 2406 2500 2458 carpitur

353 2481 510 2534 Lysias,
543 2481 815 2533 quod‘unum
849 2484 889 2520 et
917 2479 1093 2520 alterum
1126 2479 1276 2519 horum
1309 2479 1501 2519 locorum
1533 2477 1705 2529 copiose
1736 2476 1975 2530 explicavit,
2006 2491 2130 2532 quam
2159 2480 2211 2520 ah
2236 2480 2499 2534 Thucydide,

352 2556 421 2607 qui
455 2555 599 2595 eadem
634 2555 813 2595 formula
849 2564 945 2594 usus
976 2558 1050 2604 est,
1083 2553 1371 2603 vituperatur,
1403 2551 1516 2603 quod
1549 2551 1722 2591 omnino
1756 2551 1956 2603 tetigerit,
1985 2563 2079 2593 cum
2111 2553 2199 2604 ipse
2230 2553 2498 2607 Thucydides

351 2642 517 2671 omnem
550 2640 725 2678 prorsus
755 2639 896 2668 rerum
927 2634 1134 2675 gestarum
1169 2628 1452 2668 narrationem
1485 2628 1524 2665 in
1557 2627 1772 2676 epitaphio
1803 2637 1878 2665 suo
1912 2628 2108 2668 vitaverit.

468 2702 584 2743 Alter
617 2702 816 2742 excitatus
848 2706 908 2742 est
939 2701 1056 2740 locus
1087 2701 1182 2741 huic
1215 2714 1299 2741 non
1331 2701 1558 2741 dissimilis.
1622 2700 1782 2739 Menex.
1807 2711 1848 2750 p.
1872 2702 1970 2742 242.
1991 2701 2038 2741 A.
2073 2693 2260 2757 Εἰρήνης
2289 2697 2344 2757 δή
2366 2716 2497 2756 γενο-

351 2775 483 2831 μένης
513 2774 584 2816 καὶ
616 2774 695 2830 τῆς
724 2764 899 2819 πόλεως
929 2770 1180 2829 τιμωμένης
1211 2764 1346 2829 ἦλθεν
1378 2768 1443 2813 ἐπ’
1474 2764 1625 2828 αὖτῆν,
1654 2762 1677 2812 ’ὁ
1708 2766 1764 2828 δὴ
1795 2772 1919 2827 φιλεῖ
1947 2771 1994 2813 ἐκ
2016 2775 2103 2814 τῶν
2125 2768 2376 2831 ἀνθρώπων
2400 2778 2496 2824 τοῖς

350 2842 401 2892 εὖ
430 2842 675 2905 πράττουσι
706 2844 1015 2904 προσπίπτειν,
1046 2847 1223 2902 πρῶτον
1251 2845 1332 2900 μὲν
1362 2846 1507 2903 ζῆλος,
1536 2839 1625 2888 ἀπὸ
1656 2837 1790 2902 ζήλου
1822 2845 1869 2888 δὲ
1906 2840 2090 2902 φθόνος,
2121 2840 2145 2890 ’ὁ
2171 2848 2241 2891 καὶ
2263 2842 2390 2905 τήνδε
2416 2846 2495 2907 τήν

351 2917 480 2969 πόλιν
519 2917 709 2963 ἄκουσαν
751 2921 797 2963 ἐν
839 2919 1018 2975 πολέμῳ
1061 2924 1157 2968 τοῖς
1191 2915 1359 2977 Ἕλλησι
1405 2920 1675 2977 κατέστησεν.
1741 2922 1832 2974 Lys.
1866 2926 1905 2970 §.
1937 2924 2005 2966 48.
2054 2922 2240 2978 ’Υστέρῳ
2270 2923 2318 2965 δὲ
2354 2918 2495 2981 χρόνῳ

345 2996 591 3053 Ἑλληνικοῦ
631 2994 826 3050 πολέμου
867 2987 1192 3045 καταστάντος,
1236 2989 1311 3037 διὰ
1359 2994 1490 3051 ζῆλον
1535 2994 1623 3037 τῶν
1661 2993 1951 3051 γεγενημένων
1981 2995 2054 3038 καὶ
2085 2989 2258 3052 φθόνον
2289 2998 2376 3039 τῶν
2407 3012 2494 3041 πε-

352 3070 614 3127 πραγμένων
643 3068 757 3125 μέγα
786 3068 868 3123 μὲν
887 3063 1077 3117 ἅπαντες
1098 3069 1352 3125 φρονοῦτες,
1371 3069 1541 3126 μικρῶν
1562 3062 1891 3126 δ’ἐγκλημάτων
1911 3067 2088 3112 ἕκαστοι
2110 3062 2313 3124 δεόμενοι
2333 3087 2369 3112 κ.
2393 3088 2431 3114 τ.
2451 3071 2490 3114 λ.

354 3147 402 3192 Et
435 3147 517 3189 illis
540 3145 722 3188 Platonis
754 3145 891 3186 verhis
922 3144 1056 3188 notari
1082 3144 1228 3199 Lysian
1262 3144 1543 3187 crediderunt.
1608 3143 1666 3186 Ac
1697 3144 1925 3187 similitudo
1959 3145 2107 3187 horum
2135 3145 2323 3187 locorum
2350 3149 2490 3198 negari
