<?xml version="1.0" encoding="UTF-8"?>
<!DOCTYPE html PUBLIC "-//W3C//DTD XHTML 1.0 Transitional//EN"
    "http://www.w3.org/TR/xhtml1/DTD/xhtml1-transitional.dtd">
<html xmlns="http://www.w3.org/1999/xhtml" xml:lang="en" lang="en">
 <head>
  <title>
</title>
<meta http-equiv="Content-Type" content="text/html;charset=utf-8" />
  <meta name='ocr-system' content='tesseract 3.04.00' />
  <meta name='ocr-capabilities' content='ocr_page ocr_carea ocr_par ocr_line ocrx_word'/>
</head>
<body>
  <div class='ocr_page' id='page_1' title='image "./4775077_0017.png"; bbox 0 0 2882 3633; ppageno 0'>
   <div class='ocr_carea' id='block_1_1' title="bbox 1155 87 1657 135">
    <p class='ocr_par' dir='ltr' id='par_1_1' title="bbox 1155 87 1657 135">
     <span class='ocr_line' id='line_1_1' title="bbox 1155 87 1657 135; baseline -0.006 -3"><span class='ocrx_word' id='word_1_1' title='bbox 1155 87 1657 135; x_wconf 45' lang='grc' dir='ltr'><strong>ΜΒΝ-</strong></span> 
     </span>
    </p>
   </div>
   <div class='ocr_carea' id='block_1_2' title="bbox 307 201 2483 3210">
    <p class='ocr_par' dir='ltr' id='par_1_2' title="bbox 334 201 2483 630">
     <span class='ocr_line' id='line_1_2' title="bbox 337 201 2483 266; baseline 0.006 -22"><span class='ocrx_word' id='word_1_2' title='bbox 337 202 419 245; x_wconf 69' lang='lat' dir='ltr'><strong>dici</strong></span> <span class='ocrx_word' id='word_1_3' title='bbox 446 203 511 244; x_wconf 82' lang='lat' dir='ltr'><strong>vel</strong></span> <span class='ocrx_word' id='word_1_4' title='bbox 537 201 652 244; x_wconf 70' lang='lat' dir='ltr'><strong>aliud</strong></span> <span class='ocrx_word' id='word_1_5' title='bbox 678 202 889 255; x_wconf 65' lang='lat' dir='ltr'><strong>quamam</strong></span> <span class='ocrx_word' id='word_1_6' title='bbox 913 211 1068 252; x_wconf 68' lang='lat' dir='ltr'><strong>omn,</strong></span> <span class='ocrx_word' id='word_1_7' title='bbox 1099 201 1476 255; x_wconf 55' lang='lat' dir='ltr'><strong>mediolani?</strong></span> <span class='ocrx_word' id='word_1_8' title='bbox 1504 204 1796 260; x_wconf 59' lang='lat' dir='ltr'><strong>mquam,</strong></span> <span class='ocrx_word' id='word_1_9' title='bbox 1827 210 2340 266; x_wconf 58' lang='lat' dir='ltr'><strong>mammam,</strong></span> <span class='ocrx_word' id='word_1_10' title='bbox 2368 217 2483 258; x_wconf 64' lang='lat' dir='ltr'><strong>vm</strong></span> 
     </span>
     <span class='ocr_line' id='line_1_3' title="bbox 334 273 2479 343; baseline 0.005 -22"><span class='ocrx_word' id='word_1_11' title='bbox 334 281 395 321; x_wconf 74' lang='lat' dir='ltr'><strong>est</strong></span> <span class='ocrx_word' id='word_1_12' title='bbox 423 276 538 321; x_wconf 69' lang='lat' dir='ltr'><strong>haud</strong></span> <span class='ocrx_word' id='word_1_13' title='bbox 564 274 702 319; x_wconf 69' lang='lat' dir='ltr'><strong>liuticio</strong></span> <span class='ocrx_word' id='word_1_14' title='bbox 728 273 991 329; x_wconf 65' lang='lat' dir='ltr'><strong>quicq-idm</strong></span> <span class='ocrx_word' id='word_1_15' title='bbox 1020 278 1193 319; x_wconf 63' lang='lat' dir='ltr'><strong>msam</strong></span> <span class='ocrx_word' id='word_1_16' title='bbox 1222 277 1375 320; x_wconf 73' lang='lat' dir='ltr'><strong>merit</strong></span> <span class='ocrx_word' id='word_1_17' title='bbox 1402 276 1539 321; x_wconf 70' lang='lat' dir='ltr'><strong>dica-e</strong></span> <span class='ocrx_word' id='word_1_18' title='bbox 1564 280 1764 333; x_wconf 68' lang='lat' dir='ltr'><strong>sermm,-</strong></span> <span class='ocrx_word' id='word_1_19' title='bbox 1804 282 1849 324; x_wconf 78' lang='lat' dir='ltr'><strong>eu</strong></span> <span class='ocrx_word' id='word_1_20' title='bbox 1880 280 2127 328; x_wconf 61' lang='lat' dir='ltr'><strong>uranum</strong></span> <span class='ocrx_word' id='word_1_21' title='bbox 2158 287 2479 343; x_wconf 54' lang='lat' dir='ltr'><strong>maumam</strong></span> 
     </span>
     <span class='ocr_line' id='line_1_4' title="bbox 334 349 2478 415; baseline 0 -19"><span class='ocrx_word' id='word_1_22' title='bbox 334 355 535 397; x_wconf 73' lang='lat' dir='ltr'><strong>rationem</strong></span> <span class='ocrx_word' id='word_1_23' title='bbox 564 354 814 405; x_wconf 71' lang='grc' dir='ltr'><strong><em>ονοὶονίαιη,</em></strong></span> <span class='ocrx_word' id='word_1_24' title='bbox 846 362 955 407; x_wconf 76' lang='lat' dir='ltr'><strong>quae</strong></span> <span class='ocrx_word' id='word_1_25' title='bbox 981 352 1234 405; x_wconf 65' lang='lat' dir='ltr'><strong>scriptoram,</strong></span> <span class='ocrx_word' id='word_1_26' title='bbox 1265 353 1310 394; x_wconf 69' lang='lat' dir='ltr'><strong>ut</strong></span> <span class='ocrx_word' id='word_1_27' title='bbox 1337 349 1439 395; x_wconf 68' lang='lat' dir='ltr'><strong>llaec</strong></span> <span class='ocrx_word' id='word_1_28' title='bbox 1467 351 1537 395; x_wconf 74' lang='lat' dir='ltr'><strong>illo</strong></span> <span class='ocrx_word' id='word_1_29' title='bbox 1561 352 1707 397; x_wconf 75' lang='lat' dir='ltr'><strong>ordine</strong></span> <span class='ocrx_word' id='word_1_30' title='bbox 1733 355 1854 399; x_wconf 63' lang='lat' dir='ltr'><strong>umen</strong></span> <span class='ocrx_word' id='word_1_31' title='bbox 1880 361 2072 411; x_wconf 72' lang='lat' dir='ltr'><strong>portaret,v</strong></span> <span class='ocrx_word' id='word_1_32' title='bbox 2090 359 2326 415; x_wconf 57' lang='lat' dir='ltr'><strong>hispana?</strong></span> <span class='ocrx_word' id='word_1_33' title='bbox 2367 361 2478 406; x_wconf 61' lang='lat' dir='ltr'><strong>ver..</strong></span> 
     </span>
     <span class='ocr_line' id='line_1_5' title="bbox 335 424 2477 490; baseline 0.005 -21"><span class='ocrx_word' id='word_1_34' title='bbox 335 427 434 470; x_wconf 89' lang='lat' dir='ltr'><strong>bum</strong></span> <span class='ocrx_word' id='word_1_35' title='bbox 464 437 550 469; x_wconf 85' lang='lat' dir='ltr'><strong>non</strong></span> <span class='ocrx_word' id='word_1_36' title='bbox 579 426 762 480; x_wconf 86' lang='lat' dir='ltr'><strong>amplius</strong></span> <span class='ocrx_word' id='word_1_37' title='bbox 790 426 957 470; x_wconf 87' lang='lat' dir='ltr'><strong>addam.</strong></span> <span class='ocrx_word' id='word_1_38' title='bbox 1019 425 1127 468; x_wconf 85' lang='lat' dir='ltr'><strong>illud</strong></span> <span class='ocrx_word' id='word_1_39' title='bbox 1157 424 1286 467; x_wconf 85' lang='lat' dir='ltr'><strong>mode</strong></span> <span class='ocrx_word' id='word_1_40' title='bbox 1318 424 1488 479; x_wconf 85' lang='lat' dir='ltr'><strong>addam,</strong></span> <span class='ocrx_word' id='word_1_41' title='bbox 1515 425 1665 469; x_wconf 70' lang='lat' dir='ltr'><strong>falsum</strong></span> <span class='ocrx_word' id='word_1_42' title='bbox 1696 438 1786 472; x_wconf 84' lang='lat' dir='ltr'><strong>esse</strong></span> <span class='ocrx_word' id='word_1_43' title='bbox 1815 433 1940 484; x_wconf 84' lang='lat' dir='ltr'><strong>atque</strong></span> <span class='ocrx_word' id='word_1_44' title='bbox 1971 431 2155 485; x_wconf 80' lang='lat' dir='ltr'><strong>ineptam</strong></span> <span class='ocrx_word' id='word_1_45' title='bbox 2180 440 2477 490; x_wconf 71' lang='lat' dir='ltr'><strong>commentum,</strong></span> 
     </span>
     <span class='ocr_line' id='line_1_6' title="bbox 334 496 2475 561; baseline 0.005 -19"><span class='ocrx_word' id='word_1_46' title='bbox 334 501 549 543; x_wconf 77' lang='lat' dir='ltr'><strong>Platonem</strong></span> <span class='ocrx_word' id='word_1_47' title='bbox 582 500 731 555; x_wconf 84' lang='lat' dir='ltr'><strong>Lysian</strong></span> <span class='ocrx_word' id='word_1_48' title='bbox 760 505 937 553; x_wconf 89' lang='lat' dir='ltr'><strong>propter</strong></span> <span class='ocrx_word' id='word_1_49' title='bbox 967 498 1254 541; x_wconf 78' lang='lat' dir='ltr'><strong>confusionem</strong></span> <span class='ocrx_word' id='word_1_50' title='bbox 1284 496 1425 540; x_wconf 84' lang='lat' dir='ltr'><strong>rerum</strong></span> <span class='ocrx_word' id='word_1_51' title='bbox 1456 500 1729 555; x_wconf 81' lang='lat' dir='ltr'><strong>vituperasse,</strong></span> <span class='ocrx_word' id='word_1_52' title='bbox 1757 508 1829 545; x_wconf 81' lang='lat' dir='ltr'><strong>aut</strong></span> <span class='ocrx_word' id='word_1_53' title='bbox 1856 504 2029 547; x_wconf 87' lang='lat' dir='ltr'><strong>omniuo</strong></span> <span class='ocrx_word' id='word_1_54' title='bbox 2059 518 2110 548; x_wconf 91' lang='lat' dir='ltr'><strong>ex</strong></span> <span class='ocrx_word' id='word_1_55' title='bbox 2138 506 2218 550; x_wconf 85' lang='lat' dir='ltr'><strong>bac</strong></span> <span class='ocrx_word' id='word_1_56' title='bbox 2242 514 2361 561; x_wconf 82' lang='lat' dir='ltr'><strong>parte</strong></span> <span class='ocrx_word' id='word_1_57' title='bbox 2383 520 2475 553; x_wconf 71' lang='lat' dir='ltr'><strong>eam</strong></span> 
     </span>
     <span class='ocr_line' id='line_1_7' title="bbox 334 574 1432 630; baseline -0.003 -12"><span class='ocrx_word' id='word_1_58' title='bbox 334 576 575 630; x_wconf 87' lang='lat' dir='ltr'><strong>quicquam,</strong></span> <span class='ocrx_word' id='word_1_59' title='bbox 606 576 720 629; x_wconf 82' lang='lat' dir='ltr'><strong>quod</strong></span> <span class='ocrx_word' id='word_1_60' title='bbox 749 574 1068 627; x_wconf 85' lang='lat' dir='ltr'><strong>vituperandum</strong></span> <span class='ocrx_word' id='word_1_61' title='bbox 1097 574 1169 627; x_wconf 88' lang='lat' dir='ltr'><strong>sit,</strong></span> <span class='ocrx_word' id='word_1_62' title='bbox 1198 574 1432 616; x_wconf 86' lang='lat' dir='ltr'><strong>continere.</strong></span> 
     </span>
    </p>

    <p class='ocr_par' dir='ltr' id='par_1_3' title="bbox 323 648 2474 1662">
     <span class='ocr_line' id='line_1_8' title="bbox 449 648 2471 705; baseline 0.003 -14"><span class='ocrx_word' id='word_1_63' title='bbox 449 648 557 702; x_wconf 78' lang='lat' dir='ltr'><strong>Apte</strong></span> <span class='ocrx_word' id='word_1_64' title='bbox 589 660 757 703; x_wconf 87' lang='lat' dir='ltr'><strong>quoque</strong></span> <span class='ocrx_word' id='word_1_65' title='bbox 786 661 837 691; x_wconf 85' lang='lat' dir='ltr'><strong>ac</strong></span> <span class='ocrx_word' id='word_1_66' title='bbox 867 648 1117 701; x_wconf 89' lang='lat' dir='ltr'><strong>simpliciter</strong></span> <span class='ocrx_word' id='word_1_67' title='bbox 1147 648 1335 698; x_wconf 79' lang='lat' dir='ltr'>singulae</span> <span class='ocrx_word' id='word_1_68' title='bbox 1367 649 1573 690; x_wconf 89' lang='lat' dir='ltr'><strong>orationis</strong></span> <span class='ocrx_word' id='word_1_69' title='bbox 1600 655 1741 702; x_wconf 79' lang='lat' dir='ltr'><strong>partes</strong></span> <span class='ocrx_word' id='word_1_70' title='bbox 1771 650 1933 693; x_wconf 88' lang='lat' dir='ltr'><strong>iunctae</strong></span> <span class='ocrx_word' id='word_1_71' title='bbox 1960 656 2083 705; x_wconf 76' lang='lat' dir='ltr'><strong>atque</strong></span> <span class='ocrx_word' id='word_1_72' title='bbox 2112 665 2325 698; x_wconf 84' lang='lat' dir='ltr'><strong>connexae</strong></span> <span class='ocrx_word' id='word_1_73' title='bbox 2363 662 2471 698; x_wconf 89' lang='lat' dir='ltr'><strong>sunt.</strong></span> 
     </span>
     <span class='ocr_line' id='line_1_9' title="bbox 331 721 2474 781; baseline 0.003 -16"><span class='ocrx_word' id='word_1_74' title='bbox 331 724 475 777; x_wconf 80' lang='lat' dir='ltr'>Neque</span> <span class='ocrx_word' id='word_1_75' title='bbox 505 734 603 765; x_wconf 91' lang='lat' dir='ltr'><strong>vero</strong></span> <span class='ocrx_word' id='word_1_76' title='bbox 635 722 678 764; x_wconf 88' lang='lat' dir='ltr'><strong>in</strong></span> <span class='ocrx_word' id='word_1_77' title='bbox 709 722 787 764; x_wconf 86' lang='lat' dir='ltr'><strong>bac</strong></span> <span class='ocrx_word' id='word_1_78' title='bbox 818 734 864 764; x_wconf 92' lang='lat' dir='ltr'><strong>re</strong></span> <span class='ocrx_word' id='word_1_79' title='bbox 884 722 1036 776; x_wconf 79' lang='lat' dir='ltr'><strong>Lysian</strong></span> <span class='ocrx_word' id='word_1_80' title='bbox 1065 722 1319 774; x_wconf 75' lang='lat' dir='ltr'>vituperasse</span> <span class='ocrx_word' id='word_1_81' title='bbox 1340 721 1458 763; x_wconf 87' lang='lat' dir='ltr'><strong>Plato</strong></span> <span class='ocrx_word' id='word_1_82' title='bbox 1489 723 1698 775; x_wconf 87' lang='lat' dir='ltr'><strong>putandus</strong></span> <span class='ocrx_word' id='word_1_83' title='bbox 1726 728 1813 776; x_wconf 75' lang='lat' dir='ltr'><strong>est„</strong></span> <span class='ocrx_word' id='word_1_84' title='bbox 1833 725 1945 777; x_wconf 84' lang='lat' dir='ltr'><strong>quod</strong></span> <span class='ocrx_word' id='word_1_85' title='bbox 1974 726 2198 769; x_wconf 82' lang='lat' dir='ltr'><strong>nonnullae</strong></span> <span class='ocrx_word' id='word_1_86' title='bbox 2218 734 2359 781; x_wconf 82' lang='lat' dir='ltr'><strong>partes</strong></span> <span class='ocrx_word' id='word_1_87' title='bbox 2377 740 2474 772; x_wconf 83' lang='lat' dir='ltr'><strong>ver-</strong></span> 
     </span>
     <span class='ocr_line' id='line_1_10' title="bbox 330 786 2473 854; baseline 0.002 -14"><span class='ocrx_word' id='word_1_88' title='bbox 330 798 397 840; x_wconf 91' lang='lat' dir='ltr'><strong>bis</strong></span> <span class='ocrx_word' id='word_1_89' title='bbox 424 789 593 851; x_wconf 77' lang='grc' dir='ltr'><strong><em>ὑστέρῳ</em></strong></span> <span class='ocrx_word' id='word_1_90' title='bbox 621 794 670 837; x_wconf 80' lang='grc' dir='ltr'><strong>δὲ</strong></span> <span class='ocrx_word' id='word_1_91' title='bbox 700 786 843 851; x_wconf 82' lang='grc' dir='ltr'><strong><em>χρόνῳ</em></strong></span> <span class='ocrx_word' id='word_1_92' title='bbox 873 797 1110 846; x_wconf 84' lang='lat' dir='ltr'><strong>iungantur.</strong></span> <span class='ocrx_word' id='word_1_93' title='bbox 1173 796 1276 837; x_wconf 86' lang='lat' dir='ltr'><strong>Nam</strong></span> <span class='ocrx_word' id='word_1_94' title='bbox 1308 796 1378 837; x_wconf 88' lang='lat' dir='ltr'><strong>illa</strong></span> <span class='ocrx_word' id='word_1_95' title='bbox 1409 797 1650 839; x_wconf 87' lang='lat' dir='ltr'><strong>coniunctio</strong></span> <span class='ocrx_word' id='word_1_96' title='bbox 1682 803 1722 839; x_wconf 90' lang='lat' dir='ltr'><strong>et</strong></span> <span class='ocrx_word' id='word_1_97' title='bbox 1754 803 1923 840; x_wconf 86' lang='lat' dir='ltr'><strong>naturae</strong></span> <span class='ocrx_word' id='word_1_98' title='bbox 1953 810 2110 852; x_wconf 84' lang='lat' dir='ltr'><strong>rerum,</strong></span> <span class='ocrx_word' id='word_1_99' title='bbox 2152 812 2258 854; x_wconf 85' lang='lat' dir='ltr'><strong>quae</strong></span> <span class='ocrx_word' id='word_1_100' title='bbox 2294 813 2473 845; x_wconf 83' lang='lat' dir='ltr'><strong>narran-</strong></span> 
     </span>
     <span class='ocr_line' id='line_1_11' title="bbox 330 869 2471 928; baseline 0.004 -17"><span class='ocrx_word' id='word_1_101' title='bbox 330 876 413 924; x_wconf 91' lang='lat' dir='ltr'><strong>tur,</strong></span> <span class='ocrx_word' id='word_1_102' title='bbox 455 870 773 912; x_wconf 87' lang='lat' dir='ltr'><strong>accommodata</strong></span> <span class='ocrx_word' id='word_1_103' title='bbox 814 874 875 911; x_wconf 88' lang='lat' dir='ltr'><strong>est</strong></span> <span class='ocrx_word' id='word_1_104' title='bbox 905 873 945 911; x_wconf 92' lang='lat' dir='ltr'><strong>et</strong></span> <span class='ocrx_word' id='word_1_105' title='bbox 974 880 1074 911; x_wconf 82' lang='lat' dir='ltr'><strong>vero</strong></span> <span class='ocrx_word' id='word_1_106' title='bbox 1106 869 1229 910; x_wconf 89' lang='lat' dir='ltr'><strong>etiam</strong></span> <span class='ocrx_word' id='word_1_107' title='bbox 1261 869 1518 921; x_wconf 74' lang='lat' dir='ltr'><strong>simplicitati</strong></span> <span class='ocrx_word' id='word_1_108' title='bbox 1550 870 1759 912; x_wconf 87' lang='lat' dir='ltr'><strong>orationis</strong></span> <span class='ocrx_word' id='word_1_109' title='bbox 1786 873 2049 926; x_wconf 84' lang='lat' dir='ltr'><strong>conveniens,</strong></span> <span class='ocrx_word' id='word_1_110' title='bbox 2079 880 2202 928; x_wconf 84' lang='lat' dir='ltr'><strong>atque</strong></span> <span class='ocrx_word' id='word_1_111' title='bbox 2231 876 2377 918; x_wconf 87' lang='lat' dir='ltr'><strong>eadem</strong></span> <span class='ocrx_word' id='word_1_112' title='bbox 2408 878 2471 919; x_wconf 88' lang='lat' dir='ltr'><strong>vel</strong></span> 
     </span>
     <span class='ocr_line' id='line_1_12' title="bbox 328 933 2471 997; baseline 0.003 -12"><span class='ocrx_word' id='word_1_113' title='bbox 328 944 541 986; x_wconf 89' lang='lat' dir='ltr'><strong>simillima</strong></span> <span class='ocrx_word' id='word_1_114' title='bbox 572 944 661 996; x_wconf 87' lang='lat' dir='ltr'><strong>ipse</strong></span> <span class='ocrx_word' id='word_1_115' title='bbox 694 954 862 997; x_wconf 86' lang='lat' dir='ltr'><strong>quoque</strong></span> <span class='ocrx_word' id='word_1_116' title='bbox 894 943 1011 985; x_wconf 87' lang='lat' dir='ltr'><strong>Plato</strong></span> <span class='ocrx_word' id='word_1_117' title='bbox 1043 943 1085 984; x_wconf 92' lang='lat' dir='ltr'><strong>in</strong></span> <span class='ocrx_word' id='word_1_118' title='bbox 1116 942 1358 984; x_wconf 91' lang='lat' dir='ltr'><strong>earumdem</strong></span> <span class='ocrx_word' id='word_1_119' title='bbox 1389 933 1531 984; x_wconf 79' lang='lat' dir='ltr'><strong>rerum</strong></span> <span class='ocrx_word' id='word_1_120' title='bbox 1562 944 1801 985; x_wconf 87' lang='lat' dir='ltr'><strong>narratione</strong></span> <span class='ocrx_word' id='word_1_121' title='bbox 1833 946 1975 987; x_wconf 90' lang='lat' dir='ltr'><strong>utitur.</strong></span> <span class='ocrx_word' id='word_1_122' title='bbox 2034 947 2167 990; x_wconf 89' lang='lat' dir='ltr'><strong>Valde</strong></span> <span class='ocrx_word' id='word_1_123' title='bbox 2208 954 2345 991; x_wconf 86' lang='lat' dir='ltr'><strong>autem</strong></span> <span class='ocrx_word' id='word_1_124' title='bbox 2388 951 2471 991; x_wconf 88' lang='lat' dir='ltr'><strong>mi-</strong></span> 
     </span>
     <span class='ocr_line' id='line_1_13' title="bbox 328 1017 2470 1072; baseline 0.002 -11"><span class='ocrx_word' id='word_1_125' title='bbox 328 1018 506 1061; x_wconf 86' lang='lat' dir='ltr'><strong>randum</strong></span> <span class='ocrx_word' id='word_1_126' title='bbox 536 1024 613 1071; x_wconf 91' lang='lat' dir='ltr'><strong>est,</strong></span> <span class='ocrx_word' id='word_1_127' title='bbox 651 1019 766 1071; x_wconf 88' lang='lat' dir='ltr'><strong>quod</strong></span> <span class='ocrx_word' id='word_1_128' title='bbox 799 1018 949 1072; x_wconf 80' lang='lat' dir='ltr'><strong>Lysian</strong></span> <span class='ocrx_word' id='word_1_129' title='bbox 979 1019 1035 1060; x_wconf 93' lang='lat' dir='ltr'><strong>ob</strong></span> <span class='ocrx_word' id='word_1_130' title='bbox 1069 1018 1172 1059; x_wconf 89' lang='lat' dir='ltr'><strong>illud</strong></span> <span class='ocrx_word' id='word_1_131' title='bbox 1204 1017 1533 1070; x_wconf 85' lang='lat' dir='ltr'><strong>reprehendunt,</strong></span> <span class='ocrx_word' id='word_1_132' title='bbox 1572 1018 1687 1070; x_wconf 88' lang='lat' dir='ltr'><strong>quod</strong></span> <span class='ocrx_word' id='word_1_133' title='bbox 1724 1029 1808 1059; x_wconf 92' lang='lat' dir='ltr'><strong>non</strong></span> <span class='ocrx_word' id='word_1_134' title='bbox 1838 1026 2039 1072; x_wconf 84' lang='lat' dir='ltr'><strong>appareat</strong></span> <span class='ocrx_word' id='word_1_135' title='bbox 2067 1021 2143 1063; x_wconf 85' lang='lat' dir='ltr'><strong>cur</strong></span> <span class='ocrx_word' id='word_1_136' title='bbox 2171 1023 2223 1064; x_wconf 90' lang='lat' dir='ltr'><strong>de</strong></span> <span class='ocrx_word' id='word_1_137' title='bbox 2255 1028 2316 1065; x_wconf 84' lang='lat' dir='ltr'><strong>tot</strong></span> <span class='ocrx_word' id='word_1_138' title='bbox 2345 1024 2470 1066; x_wconf 88' lang='lat' dir='ltr'><strong>rebus</strong></span> 
     </span>
     <span class='ocr_line' id='line_1_14' title="bbox 327 1089 2469 1149; baseline 0.003 -15"><span class='ocrx_word' id='word_1_139' title='bbox 327 1092 453 1143; x_wconf 86' lang='lat' dir='ltr'><strong>gestis</strong></span> <span class='ocrx_word' id='word_1_140' title='bbox 472 1091 786 1134; x_wconf 80' lang='lat' dir='ltr'><strong>Atheniensium</strong></span> <span class='ocrx_word' id='word_1_141' title='bbox 816 1096 962 1134; x_wconf 89' lang='lat' dir='ltr'><strong>orator</strong></span> <span class='ocrx_word' id='word_1_142' title='bbox 995 1092 1069 1133; x_wconf 84' lang='lat' dir='ltr'><strong>bas</strong></span> <span class='ocrx_word' id='word_1_143' title='bbox 1100 1091 1362 1143; x_wconf 90' lang='lat' dir='ltr'><strong>potissimum</strong></span> <span class='ocrx_word' id='word_1_144' title='bbox 1394 1089 1608 1141; x_wconf 82' lang='lat' dir='ltr'><strong>delegerit.</strong></span> <span class='ocrx_word' id='word_1_145' title='bbox 1659 1091 1867 1134; x_wconf 82' lang='lat' dir='ltr'><strong>Nimirum</strong></span> <span class='ocrx_word' id='word_1_146' title='bbox 1888 1092 2048 1147; x_wconf 86' lang='lat' dir='ltr'><strong>Lysias,</strong></span> <span class='ocrx_word' id='word_1_147' title='bbox 2076 1101 2268 1149; x_wconf 86' lang='lat' dir='ltr'><strong>suscepto</strong></span> <span class='ocrx_word' id='word_1_148' title='bbox 2298 1104 2469 1140; x_wconf 86' lang='lat' dir='ltr'><strong>munere</strong></span> 
     </span>
     <span class='ocr_line' id='line_1_15' title="bbox 328 1163 2467 1223; baseline 0.003 -16"><span class='ocrx_word' id='word_1_149' title='bbox 328 1165 535 1208; x_wconf 74' lang='lat' dir='ltr'><strong>civitatem</strong></span> <span class='ocrx_word' id='word_1_150' title='bbox 566 1165 636 1207; x_wconf 86' lang='lat' dir='ltr'><strong>illa</strong></span> <span class='ocrx_word' id='word_1_151' title='bbox 667 1166 982 1223; x_wconf 64' lang='lat' dir='ltr'><strong>opportunitate</strong></span> <span class='ocrx_word' id='word_1_152' title='bbox 1013 1165 1210 1208; x_wconf 86' lang='lat' dir='ltr'><strong>laudandi</strong></span> <span class='ocrx_word' id='word_1_153' title='bbox 1241 1165 1295 1206; x_wconf 89' lang='lat' dir='ltr'><strong>ita</strong></span> <span class='ocrx_word' id='word_1_154' title='bbox 1327 1163 1522 1217; x_wconf 82' lang='lat' dir='ltr'><strong>perfungi</strong></span> <span class='ocrx_word' id='word_1_155' title='bbox 1553 1165 1734 1218; x_wconf 83' lang='lat' dir='ltr'><strong>volebat,</strong></span> <span class='ocrx_word' id='word_1_156' title='bbox 1764 1170 1808 1207; x_wconf 90' lang='lat' dir='ltr'><strong>ut</strong></span> <span class='ocrx_word' id='word_1_157' title='bbox 1839 1167 2018 1210; x_wconf 80' lang='lat' dir='ltr'><strong>maxime</strong></span> <span class='ocrx_word' id='word_1_158' title='bbox 2048 1170 2337 1213; x_wconf 76' lang='lat' dir='ltr'><strong>memorabilia</strong></span> <span class='ocrx_word' id='word_1_159' title='bbox 2360 1170 2467 1214; x_wconf 76' lang='lat' dir='ltr'><strong>facta</strong></span> 
     </span>
     <span class='ocr_line' id='line_1_16' title="bbox 327 1238 2467 1293; baseline 0.003 -13"><span class='ocrx_word' id='word_1_160' title='bbox 327 1245 411 1281; x_wconf 89' lang='lat' dir='ltr'><strong>tam</strong></span> <span class='ocrx_word' id='word_1_161' title='bbox 444 1250 467 1281; x_wconf 94' lang='lat' dir='ltr'><strong>e</strong></span> <span class='ocrx_word' id='word_1_162' title='bbox 501 1238 694 1281; x_wconf 63' lang='lat' dir='ltr'><strong>fabulosa</strong></span> <span class='ocrx_word' id='word_1_163' title='bbox 729 1244 929 1281; x_wconf 81' lang='lat' dir='ltr'><strong>vetustate</strong></span> <span class='ocrx_word' id='word_1_164' title='bbox 960 1250 1084 1292; x_wconf 89' lang='lat' dir='ltr'><strong>quam</strong></span> <span class='ocrx_word' id='word_1_165' title='bbox 1115 1239 1397 1290; x_wconf 90' lang='lat' dir='ltr'><strong>posteriorum</strong></span> <span class='ocrx_word' id='word_1_166' title='bbox 1430 1243 1687 1290; x_wconf 82' lang='lat' dir='ltr'><strong>temporum,</strong></span> <span class='ocrx_word' id='word_1_167' title='bbox 1721 1240 1874 1292; x_wconf 86' lang='lat' dir='ltr'><strong>quibus</strong></span> <span class='ocrx_word' id='word_1_168' title='bbox 1903 1241 2046 1282; x_wconf 86' lang='lat' dir='ltr'><strong>civitas</strong></span> <span class='ocrx_word' id='word_1_169' title='bbox 2076 1244 2332 1293; x_wconf 85' lang='lat' dir='ltr'><strong>praeclaram</strong></span> <span class='ocrx_word' id='word_1_170' title='bbox 2372 1243 2467 1285; x_wconf 78' lang='lat' dir='ltr'><strong>for-</strong></span> 
     </span>
     <span class='ocr_line' id='line_1_17' title="bbox 324 1312 2466 1370; baseline 0.003 -15"><span class='ocrx_word' id='word_1_171' title='bbox 324 1312 545 1355; x_wconf 89' lang='lat' dir='ltr'><strong>titudinem</strong></span> <span class='ocrx_word' id='word_1_172' title='bbox 578 1312 826 1354; x_wconf 84' lang='lat' dir='ltr'><strong>ostendisset</strong></span> <span class='ocrx_word' id='word_1_173' title='bbox 855 1316 895 1355; x_wconf 90' lang='lat' dir='ltr'><strong>et</strong></span> <span class='ocrx_word' id='word_1_174' title='bbox 926 1312 1035 1354; x_wconf 88' lang='lat' dir='ltr'><strong>cives</strong></span> <span class='ocrx_word' id='word_1_175' title='bbox 1063 1323 1143 1365; x_wconf 90' lang='lat' dir='ltr'><strong>pro</strong></span> <span class='ocrx_word' id='word_1_176' title='bbox 1175 1312 1335 1364; x_wconf 90' lang='lat' dir='ltr'><strong>patriae</strong></span> <span class='ocrx_word' id='word_1_177' title='bbox 1366 1312 1496 1354; x_wconf 83' lang='lat' dir='ltr'><strong>salute</strong></span> <span class='ocrx_word' id='word_1_178' title='bbox 1528 1317 1568 1354; x_wconf 93' lang='lat' dir='ltr'><strong>et</strong></span> <span class='ocrx_word' id='word_1_179' title='bbox 1598 1313 1770 1355; x_wconf 87' lang='lat' dir='ltr'><strong>honesta</strong></span> <span class='ocrx_word' id='word_1_180' title='bbox 1801 1325 1943 1357; x_wconf 81' lang='lat' dir='ltr'><strong>caussa</strong></span> <span class='ocrx_word' id='word_1_181' title='bbox 1976 1315 2238 1370; x_wconf 78' lang='lat' dir='ltr'><strong>cecidissent,</strong></span> <span class='ocrx_word' id='word_1_182' title='bbox 2269 1318 2466 1361; x_wconf 86' lang='lat' dir='ltr'><strong>oratione</strong></span> 
     </span>
     <span class='ocr_line' id='line_1_18' title="bbox 326 1386 2466 1446; baseline 0.002 -17"><span class='ocrx_word' id='word_1_183' title='bbox 326 1387 699 1440; x_wconf 84' lang='lat' dir='ltr'><strong>complecteretur:</strong></span> <span class='ocrx_word' id='word_1_184' title='bbox 732 1387 848 1440; x_wconf 88' lang='lat' dir='ltr'><strong>quod</strong></span> <span class='ocrx_word' id='word_1_185' title='bbox 879 1391 919 1429; x_wconf 91' lang='lat' dir='ltr'><strong>et</strong></span> <span class='ocrx_word' id='word_1_186' title='bbox 948 1386 1010 1428; x_wconf 91' lang='lat' dir='ltr'><strong>illi</strong></span> <span class='ocrx_word' id='word_1_187' title='bbox 1041 1386 1292 1428; x_wconf 82' lang='lat' dir='ltr'><strong>solemnitati</strong></span> <span class='ocrx_word' id='word_1_188' title='bbox 1323 1386 1583 1439; x_wconf 88' lang='lat' dir='ltr'><strong>aptissimum</strong></span> <span class='ocrx_word' id='word_1_189' title='bbox 1614 1392 1704 1430; x_wconf 87' lang='lat' dir='ltr'><strong>erat</strong></span> <span class='ocrx_word' id='word_1_190' title='bbox 1733 1392 1790 1441; x_wconf 90' lang='lat' dir='ltr'><strong>et,</strong></span> <span class='ocrx_word' id='word_1_191' title='bbox 1818 1393 1863 1430; x_wconf 93' lang='lat' dir='ltr'><strong>ut</strong></span> <span class='ocrx_word' id='word_1_192' title='bbox 1891 1398 1943 1430; x_wconf 88' lang='lat' dir='ltr'><strong>ex</strong></span> <span class='ocrx_word' id='word_1_193' title='bbox 1964 1389 2057 1441; x_wconf 90' lang='lat' dir='ltr'><strong>ipso</strong></span> <span class='ocrx_word' id='word_1_194' title='bbox 2077 1390 2255 1433; x_wconf 88' lang='lat' dir='ltr'><strong>exordio</strong></span> <span class='ocrx_word' id='word_1_195' title='bbox 2274 1397 2466 1446; x_wconf 88' lang='lat' dir='ltr'><strong>apparet,</strong></span> 
     </span>
     <span class='ocr_line' id='line_1_19' title="bbox 325 1460 2466 1514; baseline 0.003 -12"><span class='ocrx_word' id='word_1_196' title='bbox 325 1471 400 1502; x_wconf 83' lang='lat' dir='ltr'><strong>usu</strong></span> <span class='ocrx_word' id='word_1_197' title='bbox 431 1465 554 1514; x_wconf 87' lang='lat' dir='ltr'><strong>atque</strong></span> <span class='ocrx_word' id='word_1_198' title='bbox 585 1460 884 1502; x_wconf 87' lang='lat' dir='ltr'><strong>consuetudine</strong></span> <span class='ocrx_word' id='word_1_199' title='bbox 914 1471 1051 1513; x_wconf 85' lang='lat' dir='ltr'><strong>prope</strong></span> <span class='ocrx_word' id='word_1_200' title='bbox 1081 1460 1207 1501; x_wconf 83' lang='lat' dir='ltr'><strong>fixum</strong></span> <span class='ocrx_word' id='word_1_201' title='bbox 1239 1464 1361 1513; x_wconf 87' lang='lat' dir='ltr'><strong>atque</strong></span> <span class='ocrx_word' id='word_1_202' title='bbox 1392 1465 1601 1502; x_wconf 87' lang='lat' dir='ltr'><strong>statutum.</strong></span> <span class='ocrx_word' id='word_1_203' title='bbox 1663 1461 1792 1514; x_wconf 84' lang='lat' dir='ltr'><strong>idque</strong></span> <span class='ocrx_word' id='word_1_204' title='bbox 1822 1467 1905 1504; x_wconf 87' lang='lat' dir='ltr'><strong>tam</strong></span> <span class='ocrx_word' id='word_1_205' title='bbox 1934 1463 2037 1504; x_wconf 87' lang='lat' dir='ltr'><strong>scite</strong></span> <span class='ocrx_word' id='word_1_206' title='bbox 2066 1468 2107 1505; x_wconf 91' lang='lat' dir='ltr'><strong>et</strong></span> <span class='ocrx_word' id='word_1_207' title='bbox 2142 1464 2351 1514; x_wconf 81' lang='lat' dir='ltr'><strong>eleganter</strong></span> <span class='ocrx_word' id='word_1_208' title='bbox 2391 1477 2466 1508; x_wconf 92' lang='lat' dir='ltr'><strong>ex—</strong></span> 
     </span>
     <span class='ocr_line' id='line_1_20' title="bbox 323 1532 2466 1589; baseline 0.001 -12"><span class='ocrx_word' id='word_1_209' title='bbox 323 1539 488 1578; x_wconf 87' lang='lat' dir='ltr'><strong>secutus</strong></span> <span class='ocrx_word' id='word_1_210' title='bbox 517 1538 595 1588; x_wconf 91' lang='lat' dir='ltr'><strong>est,</strong></span> <span class='ocrx_word' id='word_1_211' title='bbox 639 1538 685 1576; x_wconf 89' lang='lat' dir='ltr'><strong>ut</strong></span> <span class='ocrx_word' id='word_1_212' title='bbox 724 1534 885 1576; x_wconf 92' lang='lat' dir='ltr'><strong>nullum</strong></span> <span class='ocrx_word' id='word_1_213' title='bbox 914 1533 1124 1587; x_wconf 86' lang='lat' dir='ltr'><strong>imprimis</strong></span> <span class='ocrx_word' id='word_1_214' title='bbox 1155 1533 1429 1576; x_wconf 86' lang='lat' dir='ltr'><strong>memorabile</strong></span> <span class='ocrx_word' id='word_1_215' title='bbox 1464 1532 1619 1576; x_wconf 69' lang='lat' dir='ltr'><strong>factum</strong></span> <span class='ocrx_word' id='word_1_216' title='bbox 1650 1534 1764 1589; x_wconf 85' lang='lat' dir='ltr'><strong>quod</strong></span> <span class='ocrx_word' id='word_1_217' title='bbox 1800 1545 1852 1577; x_wconf 92' lang='lat' dir='ltr'><strong>eo</strong></span> <span class='ocrx_word' id='word_1_218' title='bbox 1884 1535 2127 1588; x_wconf 88' lang='lat' dir='ltr'><strong>pertineret,</strong></span> <span class='ocrx_word' id='word_1_219' title='bbox 2170 1537 2358 1581; x_wconf 88' lang='lat' dir='ltr'><strong>omiserit</strong></span> <span class='ocrx_word' id='word_1_220' title='bbox 2395 1544 2466 1582; x_wconf 88' lang='lat' dir='ltr'><strong>aut</strong></span> 
     </span>
     <span class='ocr_line' id='line_1_21' title="bbox 323 1607 2173 1662; baseline 0.001 -12"><span class='ocrx_word' id='word_1_221' title='bbox 323 1619 406 1651; x_wconf 94' lang='lat' dir='ltr'><strong>non</strong></span> <span class='ocrx_word' id='word_1_222' title='bbox 448 1608 759 1662; x_wconf 85' lang='lat' dir='ltr'><strong>memoraverit,</strong></span> <span class='ocrx_word' id='word_1_223' title='bbox 789 1619 865 1651; x_wconf 91' lang='lat' dir='ltr'><strong>nec</strong></span> <span class='ocrx_word' id='word_1_224' title='bbox 898 1608 1043 1661; x_wconf 90' lang='lat' dir='ltr'><strong>ullum,</strong></span> <span class='ocrx_word' id='word_1_225' title='bbox 1074 1607 1188 1662; x_wconf 90' lang='lat' dir='ltr'><strong>quod</strong></span> <span class='ocrx_word' id='word_1_226' title='bbox 1220 1618 1305 1649; x_wconf 92' lang='lat' dir='ltr'><strong>non</strong></span> <span class='ocrx_word' id='word_1_227' title='bbox 1336 1607 1398 1650; x_wconf 69' lang='lat' dir='ltr'><strong>eo‘</strong></span> <span class='ocrx_word' id='word_1_228' title='bbox 1419 1608 1646 1661; x_wconf 86' lang='lat' dir='ltr'><strong>praecipue</strong></span> <span class='ocrx_word' id='word_1_229' title='bbox 1676 1608 1919 1662; x_wconf 87' lang='lat' dir='ltr'><strong>pertineret,</strong></span> <span class='ocrx_word' id='word_1_230' title='bbox 1944 1609 2173 1653; x_wconf 71' lang='lat' dir='ltr'><strong>addiderit.</strong></span> 
     </span>
    </p>

    <p class='ocr_par' dir='ltr' id='par_1_4' title="bbox 307 1680 2463 3210">
     <span class='ocr_line' id='line_1_22' title="bbox 438 1680 2463 1735; baseline 0.001 -11"><span class='ocrx_word' id='word_1_231' title='bbox 438 1681 626 1735; x_wconf 87' lang='lat' dir='ltr'><strong>Denique</strong></span> <span class='ocrx_word' id='word_1_232' title='bbox 657 1682 781 1724; x_wconf 88' lang='lat' dir='ltr'><strong>etiam</strong></span> <span class='ocrx_word' id='word_1_233' title='bbox 812 1694 863 1724; x_wconf 88' lang='lat' dir='ltr'><strong>ex</strong></span> <span class='ocrx_word' id='word_1_234' title='bbox 892 1680 1129 1724; x_wconf 86' lang='lat' dir='ltr'><strong>diversitate</strong></span> <span class='ocrx_word' id='word_1_235' title='bbox 1161 1680 1376 1733; x_wconf 87' lang='lat' dir='ltr'><strong>utriusque</strong></span> <span class='ocrx_word' id='word_1_236' title='bbox 1407 1680 1613 1723; x_wconf 88' lang='lat' dir='ltr'><strong>orationis</strong></span> <span class='ocrx_word' id='word_1_237' title='bbox 1652 1681 1924 1724; x_wconf 81' lang='lat' dir='ltr'><strong>exordiorum</strong></span> <span class='ocrx_word' id='word_1_238' title='bbox 1957 1682 2239 1725; x_wconf 85' lang='lat' dir='ltr'><strong>coniecturam</strong></span> <span class='ocrx_word' id='word_1_239' title='bbox 2270 1686 2463 1727; x_wconf 84' lang='lat' dir='ltr'><strong>sumsisse</strong></span> 
     </span>
     <span class='ocr_line' id='line_1_23' title="bbox 320 1753 2463 1812; baseline 0.002 -15"><span class='ocrx_word' id='word_1_240' title='bbox 320 1754 519 1809; x_wconf 82' lang='lat' dir='ltr'><strong>diximus,</strong></span> <span class='ocrx_word' id='word_1_241' title='bbox 547 1754 764 1798; x_wconf 88' lang='lat' dir='ltr'><strong>Platonem</strong></span> <span class='ocrx_word' id='word_1_242' title='bbox 796 1755 933 1808; x_wconf 90' lang='lat' dir='ltr'><strong>ipsum</strong></span> <span class='ocrx_word' id='word_1_243' title='bbox 955 1765 1122 1809; x_wconf 90' lang='lat' dir='ltr'><strong>quoque</strong></span> <span class='ocrx_word' id='word_1_244' title='bbox 1146 1753 1291 1808; x_wconf 81' lang='lat' dir='ltr'><strong>Lysiae</strong></span> <span class='ocrx_word' id='word_1_245' title='bbox 1312 1753 1532 1796; x_wconf 85' lang='lat' dir='ltr'><strong>exordium</strong></span> <span class='ocrx_word' id='word_1_246' title='bbox 1553 1754 1790 1807; x_wconf 83' lang='lat' dir='ltr'><strong>vituperare</strong></span> <span class='ocrx_word' id='word_1_247' title='bbox 1809 1754 2002 1797; x_wconf 83' lang='lat' dir='ltr'><strong>voluisse.</strong></span> <span class='ocrx_word' id='word_1_248' title='bbox 2045 1753 2105 1797; x_wconf 81' lang='lat' dir='ltr'><strong>Ac</strong></span> <span class='ocrx_word' id='word_1_249' title='bbox 2125 1756 2301 1810; x_wconf 89' lang='lat' dir='ltr'><strong>simplex</strong></span> <span class='ocrx_word' id='word_1_250' title='bbox 2318 1756 2463 1812; x_wconf 80' lang='lat' dir='ltr'><strong>Lysiae</strong></span> 
     </span>
     <span class='ocr_line' id='line_1_24' title="bbox 320 1820 2463 1888; baseline 0.001 -16"><span class='ocrx_word' id='word_1_251' title='bbox 320 1829 541 1873; x_wconf 86' lang='lat' dir='ltr'><strong>exordium</strong></span> <span class='ocrx_word' id='word_1_252' title='bbox 573 1829 702 1872; x_wconf 91' lang='lat' dir='ltr'><strong>modo</strong></span> <span class='ocrx_word' id='word_1_253' title='bbox 734 1829 934 1885; x_wconf 82' lang='lat' dir='ltr'><strong>vidimus3</strong></span> <span class='ocrx_word' id='word_1_254' title='bbox 965 1826 1160 1871; x_wconf 80' lang='lat' dir='ltr'><strong>Socrates</strong></span> <span class='ocrx_word' id='word_1_255' title='bbox 1191 1828 1246 1870; x_wconf 87' lang='lat' dir='ltr'><strong>ita</strong></span> <span class='ocrx_word' id='word_1_256' title='bbox 1277 1826 1469 1870; x_wconf 85' lang='lat' dir='ltr'><strong>orditur:</strong></span> <span class='ocrx_word' id='word_1_257' title='bbox 1497 1821 1635 1883; x_wconf 81' lang='grc' dir='ltr'><strong><em>Ἔργῳ</em></strong></span> <span class='ocrx_word' id='word_1_258' title='bbox 1664 1825 1745 1882; x_wconf 85' lang='grc' dir='ltr'><strong>μὲν</strong></span> <span class='ocrx_word' id='word_1_259' title='bbox 1773 1820 1880 1884; x_wconf 84' lang='grc' dir='ltr'><strong><em>ἡμῖν</em></strong></span> <span class='ocrx_word' id='word_1_260' title='bbox 1908 1820 1991 1871; x_wconf 77' lang='grc' dir='ltr'><strong><em>οἵδ’</em></strong></span> <span class='ocrx_word' id='word_1_261' title='bbox 2020 1824 2170 1882; x_wconf 80' lang='grc' dir='ltr'><strong><em>ἔχουσι</em></strong></span> <span class='ocrx_word' id='word_1_262' title='bbox 2198 1824 2255 1873; x_wconf 80' lang='grc' dir='ltr'><strong><em>τὰ</em></strong></span> <span class='ocrx_word' id='word_1_263' title='bbox 2285 1823 2463 1888; x_wconf 77' lang='grc' dir='ltr'><strong><em>προσή-</em></strong></span> 
     </span>
     <span class='ocr_line' id='line_1_25' title="bbox 318 1893 2462 1960; baseline 0.002 -17"><span class='ocrx_word' id='word_1_264' title='bbox 318 1915 451 1944; x_wconf 84' lang='grc' dir='ltr'><strong><em>κοντα</em></strong></span> <span class='ocrx_word' id='word_1_265' title='bbox 480 1900 638 1957; x_wconf 80' lang='grc' dir='ltr'><strong><em>σφίσιν</em></strong></span> <span class='ocrx_word' id='word_1_266' title='bbox 668 1895 835 1951; x_wconf 81' lang='grc' dir='ltr'><strong><em>αὐτοῖς,</em></strong></span> <span class='ocrx_word' id='word_1_267' title='bbox 864 1893 922 1955; x_wconf 82' lang='grc' dir='ltr'><strong>ᾦν</strong></span> <span class='ocrx_word' id='word_1_268' title='bbox 950 1893 1155 1954; x_wconf 81' lang='grc' dir='ltr'><strong><em>τυχόντες</em></strong></span> <span class='ocrx_word' id='word_1_269' title='bbox 1183 1893 1447 1955; x_wconf 82' lang='grc' dir='ltr'><strong><em>πορεύονται</em></strong></span> <span class='ocrx_word' id='word_1_270' title='bbox 1477 1897 1559 1956; x_wconf 78' lang='grc' dir='ltr'><strong>τῆν</strong></span> <span class='ocrx_word' id='word_1_271' title='bbox 1576 1898 1844 1956; x_wconf 77' lang='grc' dir='ltr'><strong><em>εἱμαρμένην</em></strong></span> <span class='ocrx_word' id='word_1_272' title='bbox 1859 1898 2058 1957; x_wconf 70' lang='grc' dir='ltr'><strong><em>πορείαν,</em></strong></span> <span class='ocrx_word' id='word_1_273' title='bbox 2086 1902 2462 1960; x_wconf 72' lang='grc' dir='ltr'><strong><em>προπεμφθέντες</em></strong></span> 
     </span>
     <span class='ocr_line' id='line_1_26' title="bbox 318 1965 2460 2030; baseline 0.002 -14"><span class='ocrx_word' id='word_1_274' title='bbox 318 1974 442 2030; x_wconf 73' lang='grc' dir='ltr'><strong><em>κοινῇ</em></strong></span> <span class='ocrx_word' id='word_1_275' title='bbox 470 1973 551 2028; x_wconf 80' lang='grc' dir='ltr'><strong>μὲν</strong></span> <span class='ocrx_word' id='word_1_276' title='bbox 581 1969 666 2018; x_wconf 82' lang='grc' dir='ltr'><strong>ὑπὸ</strong></span> <span class='ocrx_word' id='word_1_277' title='bbox 697 1975 777 2030; x_wconf 83' lang='grc' dir='ltr'><strong><em>τῆς</em></strong></span> <span class='ocrx_word' id='word_1_278' title='bbox 804 1966 987 2025; x_wconf 81' lang='grc' dir='ltr'><strong><em>πόλεως,</em></strong></span> <span class='ocrx_word' id='word_1_279' title='bbox 1017 1971 1116 2029; x_wconf 77' lang='grc' dir='ltr'><strong><em>ἰδίᾳ</em></strong></span> <span class='ocrx_word' id='word_1_280' title='bbox 1136 1973 1185 2016; x_wconf 84' lang='grc' dir='ltr'><strong>δὲ</strong></span> <span class='ocrx_word' id='word_1_281' title='bbox 1205 1967 1295 2016; x_wconf 75' lang='grc' dir='ltr'><strong>ὑπὸ</strong></span> <span class='ocrx_word' id='word_1_282' title='bbox 1327 1973 1417 2015; x_wconf 78' lang='grc' dir='ltr'><strong>τῶν</strong></span> <span class='ocrx_word' id='word_1_283' title='bbox 1447 1968 1635 2024; x_wconf 81' lang='grc' dir='ltr'><strong><em>οἰκείων,</em></strong></span> <span class='ocrx_word' id='word_1_284' title='bbox 1664 1965 1781 2029; x_wconf 81' lang='grc' dir='ltr'><strong><em>λόγῳ</em></strong></span> <span class='ocrx_word' id='word_1_285' title='bbox 1810 1970 1859 2016; x_wconf 73' lang='grc' dir='ltr'><strong>δὲ</strong></span> <span class='ocrx_word' id='word_1_286' title='bbox 1890 1966 1944 2029; x_wconf 74' lang='grc' dir='ltr'><strong>δὴ</strong></span> <span class='ocrx_word' id='word_1_287' title='bbox 1969 1970 2047 2016; x_wconf 81' lang='grc' dir='ltr'><strong>τὸν</strong></span> <span class='ocrx_word' id='word_1_288' title='bbox 2064 1968 2323 2030; x_wconf 75' lang='grc' dir='ltr'><strong><em>λειπόμενον</em></strong></span> <span class='ocrx_word' id='word_1_289' title='bbox 2342 1970 2460 2021; x_wconf 85' lang='grc' dir='ltr'><strong><em>κόσ-</em></strong></span> 
     </span>
     <span class='ocr_line' id='line_1_27' title="bbox 318 2039 2459 2106; baseline 0.001 -15"><span class='ocrx_word' id='word_1_290' title='bbox 318 2064 402 2102; x_wconf 87' lang='grc' dir='ltr'><strong>μον</strong></span> <span class='ocrx_word' id='word_1_291' title='bbox 439 2043 466 2091; x_wconf 87' lang='grc' dir='ltr'><strong>ὁ’</strong></span> <span class='ocrx_word' id='word_1_292' title='bbox 494 2063 542 2092; x_wconf 88' lang='grc' dir='ltr'><strong><em>τε</em></strong></span> <span class='ocrx_word' id='word_1_293' title='bbox 573 2041 709 2102; x_wconf 89' lang='grc' dir='ltr'><strong><em>νόμος</em></strong></span> <span class='ocrx_word' id='word_1_294' title='bbox 734 2041 1007 2104; x_wconf 78' lang='grc' dir='ltr'><strong><em>προςτάττει</em></strong></span> <span class='ocrx_word' id='word_1_295' title='bbox 1037 2041 1279 2091; x_wconf 73' lang='grc' dir='ltr'><strong><em>ἀποδοῦναι</em></strong></span> <span class='ocrx_word' id='word_1_296' title='bbox 1299 2048 1395 2096; x_wconf 87' lang='grc' dir='ltr'><strong><em>τοῖς</em></strong></span> <span class='ocrx_word' id='word_1_297' title='bbox 1416 2039 1599 2104; x_wconf 76' lang='grc' dir='ltr'><strong><em>ἀνδράσι</em></strong></span> <span class='ocrx_word' id='word_1_298' title='bbox 1620 2046 1693 2091; x_wconf 85' lang='grc' dir='ltr'><strong><em>καὶ</em></strong></span> <span class='ocrx_word' id='word_1_299' title='bbox 1713 2039 1809 2104; x_wconf 83' lang='grc' dir='ltr'><strong><em>χρή.</em></strong></span> <span class='ocrx_word' id='word_1_300' title='bbox 1838 2044 1977 2105; x_wconf 80' lang='grc' dir='ltr'><strong><em>ἔργων</em></strong></span> <span class='ocrx_word' id='word_1_301' title='bbox 1999 2042 2083 2106; x_wconf 75' lang='grc' dir='ltr'><strong>γὰρ</strong></span> <span class='ocrx_word' id='word_1_302' title='bbox 2103 2040 2152 2091; x_wconf 84' lang='grc' dir='ltr'><strong>εὖ</strong></span> <span class='ocrx_word' id='word_1_303' title='bbox 2169 2048 2459 2106; x_wconf 75' lang='grc' dir='ltr'><strong><em>πραχθέντων</em></strong></span> 
     </span>
     <span class='ocr_line' id='line_1_28' title="bbox 318 2112 2458 2178; baseline 0 -13"><span class='ocrx_word' id='word_1_304' title='bbox 318 2115 434 2178; x_wconf 82' lang='grc' dir='ltr'><strong><em>λόγῳ</em></strong></span> <span class='ocrx_word' id='word_1_305' title='bbox 464 2122 608 2170; x_wconf 81' lang='grc' dir='ltr'><strong><em>καλῶς</em></strong></span> <span class='ocrx_word' id='word_1_306' title='bbox 639 2120 823 2178; x_wconf 74' lang='grc' dir='ltr'><strong><em>ῥηθέντι</em></strong></span> <span class='ocrx_word' id='word_1_307' title='bbox 853 2115 1003 2177; x_wconf 79' lang='grc' dir='ltr'><strong><em>μνήμη</em></strong></span> <span class='ocrx_word' id='word_1_308' title='bbox 1036 2120 1106 2163; x_wconf 88' lang='grc' dir='ltr'><strong><em>καὶ</em></strong></span> <span class='ocrx_word' id='word_1_309' title='bbox 1131 2112 1293 2173; x_wconf 84' lang='grc' dir='ltr'><strong><em>κόςμος</em></strong></span> <span class='ocrx_word' id='word_1_310' title='bbox 1320 2122 1418 2167; x_wconf 87' lang='grc' dir='ltr'><strong><em>τοῖς</em></strong></span> <span class='ocrx_word' id='word_1_311' title='bbox 1448 2112 1643 2175; x_wconf 78' lang='grc' dir='ltr'><strong><em>πράξασι</em></strong></span> <span class='ocrx_word' id='word_1_312' title='bbox 1675 2118 1871 2175; x_wconf 79' lang='grc' dir='ltr'><strong><em>γίγνεται</em></strong></span> <span class='ocrx_word' id='word_1_313' title='bbox 1900 2115 2021 2177; x_wconf 74' lang='grc' dir='ltr'><strong><em>παρὰ</em></strong></span> <span class='ocrx_word' id='word_1_314' title='bbox 2049 2121 2138 2163; x_wconf 77' lang='grc' dir='ltr'><strong>τῶν</strong></span> <span class='ocrx_word' id='word_1_315' title='bbox 2168 2114 2458 2165; x_wconf 74' lang='grc' dir='ltr'><strong><em>ἀκουσάντων.</em></strong></span> 
     </span>
     <span class='ocr_line' id='line_1_29' title="bbox 317 2185 2459 2253; baseline 0 -15"><span class='ocrx_word' id='word_1_316' title='bbox 317 2198 399 2239; x_wconf 85' lang='grc' dir='ltr'><strong>Δεῖ</strong></span> <span class='ocrx_word' id='word_1_317' title='bbox 429 2191 485 2253; x_wconf 76' lang='grc' dir='ltr'><strong>δὴ</strong></span> <span class='ocrx_word' id='word_1_318' title='bbox 517 2188 725 2238; x_wconf 78' lang='grc' dir='ltr'><strong><em>τοιούτου</em></strong></span> <span class='ocrx_word' id='word_1_319' title='bbox 754 2190 880 2242; x_wconf 79' lang='grc' dir='ltr'><strong><em>τινὸς</em></strong></span> <span class='ocrx_word' id='word_1_320' title='bbox 906 2187 1039 2249; x_wconf 81' lang='grc' dir='ltr'><strong><em>λόγου</em></strong></span> <span class='ocrx_word' id='word_1_321' title='bbox 1066 2188 1190 2242; x_wconf 84' lang='grc' dir='ltr'><strong><em>ὅστις</em></strong></span> <span class='ocrx_word' id='word_1_322' title='bbox 1220 2187 1325 2241; x_wconf 75' lang='grc' dir='ltr'><strong><em>τοὺς</em></strong></span> <span class='ocrx_word' id='word_1_323' title='bbox 1353 2191 1435 2246; x_wconf 80' lang='grc' dir='ltr'><strong>μὲν</strong></span> <span class='ocrx_word' id='word_1_324' title='bbox 1464 2185 1826 2249; x_wconf 77' lang='grc' dir='ltr'><strong><em>τετελευτηκότας</em></strong></span> <span class='ocrx_word' id='word_1_325' title='bbox 1854 2191 2016 2242; x_wconf 82' lang='grc' dir='ltr'><strong><em>ἱκανῶς</em></strong></span> <span class='ocrx_word' id='word_1_326' title='bbox 2046 2191 2333 2245; x_wconf 82' lang='grc' dir='ltr'><strong><em>ἐπαινέσεται,</em></strong></span> <span class='ocrx_word' id='word_1_327' title='bbox 2362 2198 2459 2244; x_wconf 85' lang='grc' dir='ltr'><strong><em>τοῖς</em></strong></span> 
     </span>
     <span class='ocr_line' id='line_1_30' title="bbox 316 2259 2458 2325; baseline -0.001 -13"><span class='ocrx_word' id='word_1_328' title='bbox 316 2269 364 2312; x_wconf 83' lang='grc' dir='ltr'><strong>δὲ</strong></span> <span class='ocrx_word' id='word_1_329' title='bbox 396 2269 505 2322; x_wconf 59' lang='lat' dir='ltr'><strong>§estu</strong></span> <span class='ocrx_word' id='word_1_330' title='bbox 537 2264 728 2323; x_wconf 80' lang='grc' dir='ltr'><strong><em>εὐμενῶς</em></strong></span> <span class='ocrx_word' id='word_1_331' title='bbox 758 2266 1085 2324; x_wconf 82' lang='grc' dir='ltr'><strong><em>παραινέσεται,</em></strong></span> <span class='ocrx_word' id='word_1_332' title='bbox 1125 2261 1319 2323; x_wconf 80' lang='grc' dir='ltr'><strong><em>ἐκγόνοις</em></strong></span> <span class='ocrx_word' id='word_1_333' title='bbox 1347 2264 1427 2320; x_wconf 81' lang='grc' dir='ltr'><strong>μὲν</strong></span> <span class='ocrx_word' id='word_1_334' title='bbox 1458 2265 1529 2307; x_wconf 89' lang='grc' dir='ltr'><strong><em>καὶ</em></strong></span> <span class='ocrx_word' id='word_1_335' title='bbox 1559 2259 1771 2321; x_wconf 81' lang='grc' dir='ltr'><strong><em>ἀδελφοῖς</em></strong></span> <span class='ocrx_word' id='word_1_336' title='bbox 1798 2269 2040 2321; x_wconf 79' lang='grc' dir='ltr'><strong><em>μιμεῖσθαι</em></strong></span> <span class='ocrx_word' id='word_1_337' title='bbox 2071 2262 2152 2325; x_wconf 78' lang='grc' dir='ltr'><strong>τὴν</strong></span> <span class='ocrx_word' id='word_1_338' title='bbox 2186 2266 2323 2310; x_wconf 78' lang='grc' dir='ltr'><strong><em>τῶνδε</em></strong></span> <span class='ocrx_word' id='word_1_339' title='bbox 2346 2262 2458 2325; x_wconf 78' lang='grc' dir='ltr'><strong><em>ἀρε-</em></strong></span> 
     </span>
     <span class='ocr_line' id='line_1_31' title="bbox 315 2334 2457 2401; baseline -0.001 -14"><span class='ocrx_word' id='word_1_340' title='bbox 315 2338 396 2401; x_wconf 84' lang='grc' dir='ltr'><strong>τὴν</strong></span> <span class='ocrx_word' id='word_1_341' title='bbox 426 2336 840 2399; x_wconf 82' lang='grc' dir='ltr'><strong><em>παρακελευόμενος,</em></strong></span> <span class='ocrx_word' id='word_1_342' title='bbox 870 2339 1062 2398; x_wconf 82' lang='grc' dir='ltr'><strong><em>πατέρας</em></strong></span> <span class='ocrx_word' id='word_1_343' title='bbox 1092 2339 1141 2384; x_wconf 80' lang='grc' dir='ltr'><strong>δὲ</strong></span> <span class='ocrx_word' id='word_1_344' title='bbox 1170 2340 1242 2384; x_wconf 85' lang='grc' dir='ltr'><strong><em>καὶ</em></strong></span> <span class='ocrx_word' id='word_1_345' title='bbox 1272 2338 1466 2397; x_wconf 83' lang='grc' dir='ltr'><strong><em>μητέρας</em></strong></span> <span class='ocrx_word' id='word_1_346' title='bbox 1496 2338 1566 2382; x_wconf 84' lang='grc' dir='ltr'><strong><em>καὶ</em></strong></span> <span class='ocrx_word' id='word_1_347' title='bbox 1598 2334 1640 2383; x_wconf 80' lang='grc' dir='ltr'><strong>εἲ</strong></span> <span class='ocrx_word' id='word_1_348' title='bbox 1669 2354 1785 2390; x_wconf 86' lang='grc' dir='ltr'><strong><em>τινες</em></strong></span> <span class='ocrx_word' id='word_1_349' title='bbox 1813 2341 1901 2384; x_wconf 80' lang='grc' dir='ltr'><strong>τῶν</strong></span> <span class='ocrx_word' id='word_1_350' title='bbox 1930 2335 2104 2385; x_wconf 74' lang='grc' dir='ltr'><strong><em>ἄνωθεν</em></strong></span> <span class='ocrx_word' id='word_1_351' title='bbox 2133 2338 2200 2386; x_wconf 83' lang='grc' dir='ltr'><strong><em>ἔτι</em></strong></span> <span class='ocrx_word' id='word_1_352' title='bbox 2229 2334 2457 2398; x_wconf 82' lang='grc' dir='ltr'><strong><em>προγόνων</em></strong></span> 
     </span>
     <span class='ocr_line' id='line_1_32' title="bbox 314 2406 2457 2472; baseline -0.001 -12"><span class='ocrx_word' id='word_1_353' title='bbox 314 2414 555 2466; x_wconf 80' lang='grc' dir='ltr'><strong><em>λείπονται,</em></strong></span> <span class='ocrx_word' id='word_1_354' title='bbox 586 2408 772 2465; x_wconf 78' lang='grc' dir='ltr'><strong><em>τούτους</em></strong></span> <span class='ocrx_word' id='word_1_355' title='bbox 802 2413 850 2457; x_wconf 82' lang='grc' dir='ltr'><strong>δὲ</strong></span> <span class='ocrx_word' id='word_1_356' title='bbox 881 2406 1296 2472; x_wconf 68' lang='grc' dir='ltr'><strong><em>παραμυθούμενος,</em></strong></span> <span class='ocrx_word' id='word_1_357' title='bbox 1326 2429 1363 2454; x_wconf 84' lang='grc' dir='ltr'><strong>κ.</strong></span> <span class='ocrx_word' id='word_1_358' title='bbox 1394 2429 1431 2455; x_wconf 91' lang='grc' dir='ltr'><strong><em>τ.</em></strong></span> <span class='ocrx_word' id='word_1_359' title='bbox 1453 2413 1489 2456; x_wconf 81' lang='grc' dir='ltr'><strong>λ.</strong></span> <span class='ocrx_word' id='word_1_360' title='bbox 1543 2413 1671 2465; x_wconf 74' lang='lat' dir='ltr'><strong>igitur</strong></span> <span class='ocrx_word' id='word_1_361' title='bbox 1701 2414 1785 2457; x_wconf 82' lang='lat' dir='ltr'><strong>alio</strong></span> <span class='ocrx_word' id='word_1_362' title='bbox 1817 2414 1937 2458; x_wconf 84' lang='lat' dir='ltr'><strong>Plato</strong></span> <span class='ocrx_word' id='word_1_363' title='bbox 1970 2415 2145 2458; x_wconf 83' lang='lat' dir='ltr'><strong>exordio</strong></span> <span class='ocrx_word' id='word_1_364' title='bbox 2169 2427 2291 2470; x_wconf 85' lang='lat' dir='ltr'><strong>quam</strong></span> <span class='ocrx_word' id='word_1_365' title='bbox 2315 2415 2457 2471; x_wconf 80' lang='lat' dir='ltr'><strong>Lysias</strong></span> 
     </span>
     <span class='ocr_line' id='line_1_33' title="bbox 313 2489 2455 2546; baseline -0.001 -12"><span class='ocrx_word' id='word_1_366' title='bbox 313 2504 441 2546; x_wconf 88' lang='lat' dir='ltr'><strong>quum</strong></span> <span class='ocrx_word' id='word_1_367' title='bbox 473 2503 571 2534; x_wconf 89' lang='lat' dir='ltr'><strong>usus</strong></span> <span class='ocrx_word' id='word_1_368' title='bbox 599 2490 652 2533; x_wconf 91' lang='lat' dir='ltr'><strong>sit</strong></span> <span class='ocrx_word' id='word_1_369' title='bbox 682 2491 724 2533; x_wconf 90' lang='lat' dir='ltr'><strong>in</strong></span> <span class='ocrx_word' id='word_1_370' title='bbox 757 2501 841 2544; x_wconf 84' lang='lat' dir='ltr'><strong>quo</strong></span> <span class='ocrx_word' id='word_1_371' title='bbox 872 2489 1072 2542; x_wconf 87' lang='lat' dir='ltr'><strong>singulas,</strong></span> <span class='ocrx_word' id='word_1_372' title='bbox 1113 2501 1216 2543; x_wconf 86' lang='lat' dir='ltr'><strong>quas</strong></span> <span class='ocrx_word' id='word_1_373' title='bbox 1245 2494 1495 2531; x_wconf 84' lang='lat' dir='ltr'><strong>tractaturus</strong></span> <span class='ocrx_word' id='word_1_374' title='bbox 1525 2490 1716 2531; x_wconf 87' lang='lat' dir='ltr'><strong>oratione</strong></span> <span class='ocrx_word' id='word_1_375' title='bbox 1745 2490 1799 2532; x_wconf 85' lang='lat' dir='ltr'><strong>sit</strong></span> <span class='ocrx_word' id='word_1_376' title='bbox 1829 2495 1984 2542; x_wconf 87' lang='lat' dir='ltr'><strong>partes,</strong></span> <span class='ocrx_word' id='word_1_377' title='bbox 2020 2491 2209 2542; x_wconf 87' lang='lat' dir='ltr'><strong>exponit,</strong></span> <span class='ocrx_word' id='word_1_378' title='bbox 2248 2490 2353 2532; x_wconf 85' lang='lat' dir='ltr'><strong>hanc</strong></span> <span class='ocrx_word' id='word_1_379' title='bbox 2384 2503 2455 2532; x_wconf 87' lang='lat' dir='ltr'><strong>ra-</strong></span> 
     </span>
     <span class='ocr_line' id='line_1_34' title="bbox 312 2562 2456 2618; baseline -0.001 -9"><span class='ocrx_word' id='word_1_380' title='bbox 312 2566 469 2609; x_wconf 91' lang='lat' dir='ltr'><strong>tionem</strong></span> <span class='ocrx_word' id='word_1_381' title='bbox 500 2570 686 2608; x_wconf 91' lang='lat' dir='ltr'><strong>secutum</strong></span> <span class='ocrx_word' id='word_1_382' title='bbox 719 2565 883 2617; x_wconf 88' lang='lat' dir='ltr'><strong>volunt,</strong></span> <span class='ocrx_word' id='word_1_383' title='bbox 922 2569 965 2607; x_wconf 90' lang='lat' dir='ltr'><strong>ut</strong></span> <span class='ocrx_word' id='word_1_384' title='bbox 995 2562 1144 2618; x_wconf 89' lang='lat' dir='ltr'><strong>Lysian</strong></span> <span class='ocrx_word' id='word_1_385' title='bbox 1185 2575 1235 2606; x_wconf 92' lang='lat' dir='ltr'><strong>eo</strong></span> <span class='ocrx_word' id='word_1_386' title='bbox 1268 2567 1429 2606; x_wconf 89' lang='lat' dir='ltr'><strong>notaret</strong></span> <span class='ocrx_word' id='word_1_387' title='bbox 1460 2575 1509 2605; x_wconf 92' lang='lat' dir='ltr'><strong>ac</strong></span> <span class='ocrx_word' id='word_1_388' title='bbox 1539 2562 1866 2615; x_wconf 84' lang='lat' dir='ltr'><strong>reprehenderet</strong></span> <span class='ocrx_word' id='word_1_389' title='bbox 1895 2562 2009 2616; x_wconf 87' lang='lat' dir='ltr'><strong>quod</strong></span> <span class='ocrx_word' id='word_1_390' title='bbox 2041 2563 2083 2606; x_wconf 88' lang='lat' dir='ltr'><strong>in</strong></span> <span class='ocrx_word' id='word_1_391' title='bbox 2114 2563 2235 2607; x_wconf 89' lang='lat' dir='ltr'><strong>initio</strong></span> <span class='ocrx_word' id='word_1_392' title='bbox 2267 2563 2319 2606; x_wconf 89' lang='lat' dir='ltr'><strong>de</strong></span> <span class='ocrx_word' id='word_1_393' title='bbox 2350 2576 2456 2607; x_wconf 91' lang='lat' dir='ltr'><strong>con-</strong></span> 
     </span>
     <span class='ocr_line' id='line_1_35' title="bbox 309 2635 2453 2691; baseline -0 -9"><span class='ocrx_word' id='word_1_394' title='bbox 309 2638 406 2683; x_wconf 81' lang='lat' dir='ltr'><strong>silio</strong></span> <span class='ocrx_word' id='word_1_395' title='bbox 439 2643 479 2683; x_wconf 94' lang='lat' dir='ltr'><strong>et</strong></span> <span class='ocrx_word' id='word_1_396' title='bbox 511 2638 661 2683; x_wconf 86' lang='lat' dir='ltr'><strong>ordine</strong></span> <span class='ocrx_word' id='word_1_397' title='bbox 693 2637 897 2682; x_wconf 83' lang='lat' dir='ltr'><strong>orationis</strong></span> <span class='ocrx_word' id='word_1_398' title='bbox 926 2649 1024 2681; x_wconf 88' lang='lat' dir='ltr'><strong>suae</strong></span> <span class='ocrx_word' id='word_1_399' title='bbox 1044 2637 1148 2680; x_wconf 89' lang='lat' dir='ltr'><strong>nihil</strong></span> <span class='ocrx_word' id='word_1_400' title='bbox 1170 2637 1339 2690; x_wconf 89' lang='lat' dir='ltr'><strong>dixerit,</strong></span> <span class='ocrx_word' id='word_1_401' title='bbox 1370 2637 1507 2691; x_wconf 86' lang='lat' dir='ltr'><strong>itaque</strong></span> <span class='ocrx_word' id='word_1_402' title='bbox 1527 2636 1764 2688; x_wconf 81' lang='lat' dir='ltr'><strong>significare</strong></span> <span class='ocrx_word' id='word_1_403' title='bbox 1783 2635 1980 2690; x_wconf 86' lang='lat' dir='ltr'><strong>voluisse,</strong></span> <span class='ocrx_word' id='word_1_404' title='bbox 2011 2636 2226 2691; x_wconf 88' lang='lat' dir='ltr'><strong>Lysianam</strong></span> <span class='ocrx_word' id='word_1_405' title='bbox 2249 2637 2453 2681; x_wconf 84' lang='lat' dir='ltr'><strong>rationem</strong></span> 
     </span>
     <span class='ocr_line' id='line_1_36' title="bbox 311 2710 2452 2766; baseline -0.001 -9"><span class='ocrx_word' id='word_1_406' title='bbox 311 2724 400 2757; x_wconf 88' lang='lat' dir='ltr'><strong>esse</strong></span> <span class='ocrx_word' id='word_1_407' title='bbox 430 2711 724 2757; x_wconf 88' lang='lat' dir='ltr'><strong>damnandam.</strong></span> <span class='ocrx_word' id='word_1_408' title='bbox 787 2710 839 2754; x_wconf 86' lang='lat' dir='ltr'><strong>At</strong></span> <span class='ocrx_word' id='word_1_409' title='bbox 869 2712 1030 2755; x_wconf 85' lang='lat' dir='ltr'><strong>diversa</strong></span> <span class='ocrx_word' id='word_1_410' title='bbox 1064 2716 1238 2765; x_wconf 91' lang='lat' dir='ltr'><strong>possunt</strong></span> <span class='ocrx_word' id='word_1_411' title='bbox 1265 2722 1355 2754; x_wconf 90' lang='lat' dir='ltr'><strong>esse</strong></span> <span class='ocrx_word' id='word_1_412' title='bbox 1386 2710 1560 2754; x_wconf 86' lang='lat' dir='ltr'><strong>exordia</strong></span> <span class='ocrx_word' id='word_1_413' title='bbox 1592 2715 1634 2754; x_wconf 92' lang='lat' dir='ltr'><strong>et</strong></span> <span class='ocrx_word' id='word_1_414' title='bbox 1660 2715 1802 2753; x_wconf 68' lang='lat' dir='ltr'><strong>⁴tamen</strong></span> <span class='ocrx_word' id='word_1_415' title='bbox 1834 2710 1875 2753; x_wconf 92' lang='lat' dir='ltr'><strong>in</strong></span> <span class='ocrx_word' id='word_1_416' title='bbox 1907 2721 1982 2753; x_wconf 90' lang='lat' dir='ltr'><strong>suo</strong></span> <span class='ocrx_word' id='word_1_417' title='bbox 2015 2711 2211 2766; x_wconf 88' lang='lat' dir='ltr'><strong>quodque</strong></span> <span class='ocrx_word' id='word_1_418' title='bbox 2242 2722 2391 2763; x_wconf 78' lang='lat' dir='ltr'><strong>genere</strong></span> <span class='ocrx_word' id='word_1_419' title='bbox 2411 2718 2452 2755; x_wconf 85' lang='lat' dir='ltr'><strong>et</strong></span> 
     </span>
     <span class='ocr_line' id='line_1_37' title="bbox 308 2784 2454 2841; baseline -0.002 -9"><span class='ocrx_word' id='word_1_420' title='bbox 308 2793 405 2841; x_wconf 84' lang='lat' dir='ltr'><strong>apta</strong></span> <span class='ocrx_word' id='word_1_421' title='bbox 437 2794 477 2831; x_wconf 92' lang='lat' dir='ltr'><strong>et</strong></span> <span class='ocrx_word' id='word_1_422' title='bbox 507 2787 727 2838; x_wconf 86' lang='lat' dir='ltr'><strong>elegantia.</strong></span> <span class='ocrx_word' id='word_1_423' title='bbox 779 2786 955 2836; x_wconf 85' lang='lat' dir='ltr'><strong>Elegans</strong></span> <span class='ocrx_word' id='word_1_424' title='bbox 985 2791 1047 2828; x_wconf 91' lang='lat' dir='ltr'><strong>est</strong></span> <span class='ocrx_word' id='word_1_425' title='bbox 1077 2786 1296 2828; x_wconf 86' lang='lat' dir='ltr'><strong>exordium</strong></span> <span class='ocrx_word' id='word_1_426' title='bbox 1319 2784 1519 2838; x_wconf 85' lang='lat' dir='ltr'><strong>Platonis,</strong></span> <span class='ocrx_word' id='word_1_427' title='bbox 1550 2785 1776 2838; x_wconf 88' lang='lat' dir='ltr'><strong>praecipue</strong></span> <span class='ocrx_word' id='word_1_428' title='bbox 1807 2786 1968 2837; x_wconf 89' lang='lat' dir='ltr'><strong>primae</strong></span> <span class='ocrx_word' id='word_1_429' title='bbox 1997 2786 2240 2838; x_wconf 72' lang='lat' dir='ltr'><strong>sententiae,</strong></span> <span class='ocrx_word' id='word_1_430' title='bbox 2272 2797 2355 2827; x_wconf 93' lang='lat' dir='ltr'><strong>non</strong></span> <span class='ocrx_word' id='word_1_431' title='bbox 2386 2786 2454 2828; x_wconf 91' lang='lat' dir='ltr'><strong>in-</strong></span> 
     </span>
     <span class='ocr_line' id='line_1_38' title="bbox 309 2858 2449 2917; baseline -0.001 -14"><span class='ocrx_word' id='word_1_432' title='bbox 309 2862 525 2905; x_wconf 78' lang='lat' dir='ltr'><strong>fitiandum</strong></span> <span class='ocrx_word' id='word_1_433' title='bbox 556 2866 640 2917; x_wconf 81' lang='lat' dir='ltr'><strong>est3</strong></span> <span class='ocrx_word' id='word_1_434' title='bbox 674 2870 912 2914; x_wconf 83' lang='lat' dir='ltr'><strong>quanquam</strong></span> <span class='ocrx_word' id='word_1_435' title='bbox 945 2860 1041 2912; x_wconf 91' lang='lat' dir='ltr'><strong>erit,</strong></span> <span class='ocrx_word' id='word_1_436' title='bbox 1071 2859 1137 2901; x_wconf 92' lang='lat' dir='ltr'><strong>cui</strong></span> <span class='ocrx_word' id='word_1_437' title='bbox 1169 2860 1239 2901; x_wconf 90' lang='lat' dir='ltr'><strong>illa</strong></span> <span class='ocrx_word' id='word_1_438' title='bbox 1272 2859 1499 2901; x_wconf 85' lang='lat' dir='ltr'><strong>declaratio</strong></span> <span class='ocrx_word' id='word_1_439' title='bbox 1530 2859 1787 2909; x_wconf 86' lang='lat' dir='ltr'><strong>singularum</strong></span> <span class='ocrx_word' id='word_1_440' title='bbox 1810 2858 1989 2910; x_wconf 88' lang='lat' dir='ltr'><strong>partium</strong></span> <span class='ocrx_word' id='word_1_441' title='bbox 2022 2858 2063 2900; x_wconf 89' lang='lat' dir='ltr'><strong>in</strong></span> <span class='ocrx_word' id='word_1_442' title='bbox 2096 2858 2232 2911; x_wconf 87' lang='lat' dir='ltr'><strong>initio,</strong></span> <span class='ocrx_word' id='word_1_443' title='bbox 2264 2868 2387 2912; x_wconf 90' lang='lat' dir='ltr'><strong>qnam</strong></span> <span class='ocrx_word' id='word_1_444' title='bbox 2410 2860 2449 2900; x_wconf 84' lang='lat' dir='ltr'><strong>b.</strong></span> 
     </span>
     <span class='ocr_line' id='line_1_39' title="bbox 309 2932 2451 2989; baseline -0.001 -11"><span class='ocrx_word' id='word_1_445' title='bbox 309 2937 335 2978; x_wconf 91' lang='lat' dir='ltr'><strong>l.</strong></span> <span class='ocrx_word' id='word_1_446' title='bbox 361 2936 496 2978; x_wconf 89' lang='lat' dir='ltr'><strong>critici</strong></span> <span class='ocrx_word' id='word_1_447' title='bbox 528 2934 641 2989; x_wconf 86' lang='lat' dir='ltr'><strong>apud</strong></span> <span class='ocrx_word' id='word_1_448' title='bbox 674 2933 824 2989; x_wconf 87' lang='lat' dir='ltr'><strong>Lysian</strong></span> <span class='ocrx_word' id='word_1_449' title='bbox 857 2934 1091 2988; x_wconf 87' lang='lat' dir='ltr'><strong>requirunt,</strong></span> <span class='ocrx_word' id='word_1_450' title='bbox 1121 2933 1310 2976; x_wconf 85' lang='lat' dir='ltr'><strong>nonnihil</strong></span> <span class='ocrx_word' id='word_1_451' title='bbox 1342 2934 1509 2976; x_wconf 87' lang='lat' dir='ltr'><strong>scholae</strong></span> <span class='ocrx_word' id='word_1_452' title='bbox 1540 2933 1732 2976; x_wconf 88' lang='lat' dir='ltr'><strong>umbram</strong></span> <span class='ocrx_word' id='word_1_453' title='bbox 1759 2936 1799 2974; x_wconf 95' lang='lat' dir='ltr'><strong>et</strong></span> <span class='ocrx_word' id='word_1_454' title='bbox 1818 2932 2038 2975; x_wconf 82' lang='lat' dir='ltr'><strong>artificium</strong></span> <span class='ocrx_word' id='word_1_455' title='bbox 2071 2943 2218 2985; x_wconf 88' lang='lat' dir='ltr'><strong>sapere</strong></span> <span class='ocrx_word' id='word_1_456' title='bbox 2249 2933 2451 2986; x_wconf 78' lang='lat' dir='ltr'><strong>videatur,</strong></span> 
     </span>
     <span class='ocr_line' id='line_1_40' title="bbox 309 3007 2451 3064; baseline -0.002 -12"><span class='ocrx_word' id='word_1_457' title='bbox 309 3010 423 3064; x_wconf 86' lang='lat' dir='ltr'><strong>quod</strong></span> <span class='ocrx_word' id='word_1_458' title='bbox 454 3015 626 3052; x_wconf 90' lang='lat' dir='ltr'><strong>auctore</strong></span> <span class='ocrx_word' id='word_1_459' title='bbox 658 3010 828 3063; x_wconf 90' lang='lat' dir='ltr'><strong>quidem</strong></span> <span class='ocrx_word' id='word_1_460' title='bbox 847 3008 1051 3051; x_wconf 88' lang='lat' dir='ltr'><strong>Cicerone</strong></span> <span class='ocrx_word' id='word_1_461' title='bbox 1083 3009 1293 3050; x_wconf 87' lang='lat' dir='ltr'><strong>vitandum</strong></span> <span class='ocrx_word' id='word_1_462' title='bbox 1315 3013 1388 3049; x_wconf 92' lang='lat' dir='ltr'><strong>est.</strong></span> <span class='ocrx_word' id='word_1_463' title='bbox 1434 3009 1590 3050; x_wconf 87' lang='lat' dir='ltr'><strong>Verum</strong></span> <span class='ocrx_word' id='word_1_464' title='bbox 1612 3011 1754 3058; x_wconf 88' lang='lat' dir='ltr'><strong>aptum</strong></span> <span class='ocrx_word' id='word_1_465' title='bbox 1776 3017 1944 3058; x_wconf 84' lang='lat' dir='ltr'><strong>quoque</strong></span> <span class='ocrx_word' id='word_1_466' title='bbox 1965 3011 2025 3047; x_wconf 86' lang='lat' dir='ltr'><strong>est</strong></span> <span class='ocrx_word' id='word_1_467' title='bbox 2046 3007 2264 3048; x_wconf 91' lang='lat' dir='ltr'><strong>exordium</strong></span> <span class='ocrx_word' id='word_1_468' title='bbox 2286 3007 2451 3062; x_wconf 79' lang='lat' dir='ltr'><strong>Lysiae3</strong></span> 
     </span>
     <span class='ocr_line' id='line_1_41' title="bbox 308 3079 2450 3139; baseline -0.002 -13"><span class='ocrx_word' id='word_1_469' title='bbox 308 3084 379 3139; x_wconf 90' lang='lat' dir='ltr'><strong>qui</strong></span> <span class='ocrx_word' id='word_1_470' title='bbox 411 3094 506 3125; x_wconf 91' lang='lat' dir='ltr'><strong>cum</strong></span> <span class='ocrx_word' id='word_1_471' title='bbox 528 3095 550 3126; x_wconf 93' lang='lat' dir='ltr'><strong>a</strong></span> <span class='ocrx_word' id='word_1_472' title='bbox 574 3082 860 3134; x_wconf 88' lang='lat' dir='ltr'><strong>magnitudine</strong></span> <span class='ocrx_word' id='word_1_473' title='bbox 891 3093 1031 3125; x_wconf 87' lang='lat' dir='ltr'><strong>rerum</strong></span> <span class='ocrx_word' id='word_1_474' title='bbox 1054 3081 1366 3125; x_wconf 85' lang='lat' dir='ltr'><strong>Atheniensium</strong></span> <span class='ocrx_word' id='word_1_475' title='bbox 1399 3092 1502 3136; x_wconf 86' lang='lat' dir='ltr'><strong>quas</strong></span> <span class='ocrx_word' id='word_1_476' title='bbox 1533 3086 1678 3123; x_wconf 89' lang='lat' dir='ltr'><strong>orator</strong></span> <span class='ocrx_word' id='word_1_477' title='bbox 1711 3080 1923 3122; x_wconf 89' lang='lat' dir='ltr'><strong>celebrare</strong></span> <span class='ocrx_word' id='word_1_478' title='bbox 1944 3079 2117 3122; x_wconf 88' lang='lat' dir='ltr'><strong>deberet</strong></span> <span class='ocrx_word' id='word_1_479' title='bbox 2138 3085 2243 3123; x_wconf 89' lang='lat' dir='ltr'><strong>esset</strong></span> <span class='ocrx_word' id='word_1_480' title='bbox 2262 3091 2450 3130; x_wconf 84' lang='lat' dir='ltr'><strong>exorsus,</strong></span> 
     </span>
     <span class='ocr_line' id='line_1_42' title="bbox 307 3153 2451 3210; baseline -0.001 -10"><span class='ocrx_word' id='word_1_481' title='bbox 307 3163 346 3200; x_wconf 86' lang='lat' dir='ltr'><strong>et</strong></span> <span class='ocrx_word' id='word_1_482' title='bbox 368 3158 470 3200; x_wconf 88' lang='lat' dir='ltr'><strong>nihil</strong></span> <span class='ocrx_word' id='word_1_483' title='bbox 494 3157 608 3201; x_wconf 82' lang='lat' dir='ltr'><strong>aliud</strong></span> <span class='ocrx_word' id='word_1_484' title='bbox 632 3157 709 3199; x_wconf 94' lang='lat' dir='ltr'><strong>nisi</strong></span> <span class='ocrx_word' id='word_1_485' title='bbox 734 3157 825 3200; x_wconf 87' lang='lat' dir='ltr'><strong>illas</strong></span> <span class='ocrx_word' id='word_1_486' title='bbox 848 3167 914 3199; x_wconf 89' lang='lat' dir='ltr'><strong>res</strong></span> <span class='ocrx_word' id='word_1_487' title='bbox 935 3168 1145 3210; x_wconf 85' lang='lat' dir='ltr'><strong>exponere</strong></span> <span class='ocrx_word' id='word_1_488' title='bbox 1168 3157 1290 3206; x_wconf 83' lang='lat' dir='ltr'><strong>vellet</strong></span> <span class='ocrx_word' id='word_1_489' title='bbox 1311 3156 1363 3199; x_wconf 89' lang='lat' dir='ltr'><strong>ab</strong></span> <span class='ocrx_word' id='word_1_490' title='bbox 1385 3156 1455 3198; x_wconf 88' lang='lat' dir='ltr'><strong>tali</strong></span> <span class='ocrx_word' id='word_1_491' title='bbox 1477 3154 1654 3198; x_wconf 86' lang='lat' dir='ltr'><strong>exordio</strong></span> <span class='ocrx_word' id='word_1_492' title='bbox 1676 3154 1728 3197; x_wconf 94' lang='lat' dir='ltr'><strong>ad</strong></span> <span class='ocrx_word' id='word_1_493' title='bbox 1751 3154 1862 3206; x_wconf 88' lang='lat' dir='ltr'><strong>ipsas</strong></span> <span class='ocrx_word' id='word_1_494' title='bbox 1883 3153 1975 3195; x_wconf 86' lang='lat' dir='ltr'><strong>illas</strong></span> <span class='ocrx_word' id='word_1_495' title='bbox 1997 3164 2062 3195; x_wconf 90' lang='lat' dir='ltr'><strong>res</strong></span> <span class='ocrx_word' id='word_1_496' title='bbox 2079 3155 2347 3207; x_wconf 87' lang='lat' dir='ltr'><strong>exponendas</strong></span> <span class='ocrx_word' id='word_1_497' title='bbox 2365 3159 2451 3197; x_wconf 86' lang='lat' dir='ltr'><strong>sta-</strong></span> 
     </span>
    </p>
   </div>
  </div>
 </body>
</html>
