2882 3633
1178 120 1354 157 dume
1411 112 1487 156 lo
1545 121 1720 158 ’OQ-“⁴-

371 220 431 269 ‘H
456 224 540 309 γὰρ
569 220 679 283 αὐτη
711 223 916 269 πολιτεία
945 225 1016 268 καὶ
1046 219 1154 269 τότε
1183 220 1235 285 ἦν
1264 227 1337 269 καὶ
1366 226 1454 277 νῦν,
1491 221 1823 285 ἀριστοκρατία,
1862 224 1974 286 ἕνη
1947 243 1974 286 ῃ
2002 226 2080 270 νῦν
2109 239 2167 270 τε
2179 219 2516 284 πολιτευόμεθα

377 300 447 344 και
479 295 558 345 τὸν
585 294 653 343 ἀεὶ
684 292 840 358 χρόνον
875 298 927 354 ἐξ
955 298 1124 344 ἐκείνου
1153 296 1213 350 ὡς
1243 296 1313 344 τὰ
1329 294 1491 345 πόλλα.
1522 295 1665 344 καλεῖ
1674 300 1723 344 δὲ
1756 295 1782 344 ὁ
1807 300 1890 355 μὲν
1917 299 2231 359 δημοκρατίαν,
2253 295 2298 345 ὃ
2328 300 2380 346 δὲ
2395 296 2516 347 ’ἄλλο

377 391 401 418 ο
430 366 484 417 ἂν
513 390 645 432 χαιρῃ
676 400 728 407 -
761 374 833 417 καὶ
863 368 1001 431 ὄρχει-
1061 374 1146 428 Qui
1179 375 1348 429 quidem
1386 376 1504 417 locus
1544 375 1656 418 haud
1687 375 1907 418 dissimilis
1933 376 2202 431 meydidls
2220 377 2360 420 verbis
2388 377 2433 420 L.
2463 379 2515 421 ll

377 462 413 492 c.
446 450 517 495 37.
578 439 815 506 Χρώμεθα
846 441 930 506 γὰρ
959 445 1164 504 πολιτείᾳ
1195 439 1245 490 οὗ
1281 438 1476 504 ζηλουσῃ
1519 459 1628 496 τους
1671 444 1762 490 τῶν
1788 444 1937 497 ’πέλας
1951 439 2126 504 νόμους,
2157 442 2438 533 παράδειγμα
2465 449 2514 495 δὲ

374 522 543 575 μᾶλλον
573 515 702 566 αὐτοι
738 517 862 571 ὄντες
891 522 979 566 τινὶ
1010 517 1037 580 ἢ
1065 536 1333 576 μιμουμενοι
1364 518 1553 578 ἑτέρους.
1596 519 1686 564 Καὶ
1717 514 1868 577 ονομότ
1883 520 1967 577 μὲν
1994 517 2155 567 διὰτὸ
2181 517 2248 581 μὴ
2267 521 2315 574 ἐς
2340 519 2516 582 ὀλίγους

373 589 516 646 ἄλλ’ἐς
540 595 748 645 πλείονας
778 594 913 639 οἰκεῖν
933 594 1211 653 δημοκρατία
1232 594 1449 653 κέκληται,
1480 593 1658 650 μέτεστι
1683 593 1733 637 δὲ
1754 589 1868 638 κατὰ
1885 590 1993 646 τούς
2016 588 2184 652 νόμους
2209 591 2323 656 πρὸς
2340 591 2398 641 τὰ
2418 593 2516 642 ἰ’δια

374 663 572 727 διάφορα
600 670 711 712 πᾶσι
742 664 797 712 τὸ
829 664 940 720 ἰ’σον,
976 664 1089 712 κατὰ
1118 669 1166 712 δὲ
1202 664 1284 727 τὴν
1314 665 1525 723 ἀξίωσιν,
1556 664 1616 718 ὡς
1649 667 1833 719 ἕκαστος
1859 666 1905 713 ἔν
1940 684 2005 726 τῳ
2032 664 2274 725 εὐδοκιμεῖ,
2320 665 2398 714 οὐκ
2426 666 2511 716 dar?

371 743 533 800 μέρους
562 738 615 787 τὸ
646 745 797 787 πλεῖον
827 743 874 793 ἐς
903 740 960 788 τὰ
988 739 1114 787 κοινὰ
1144 740 1171 801 ἢ
1202 739 1292 788 ἀπὸ
1321 739 1479 800 ἀρετῆς
1508 742 1805 802 προτίμαται,
1846 737 1941 786 οὐδ’
1968 736 2029 787 αὖ
2056 737 2171 786 κατὰ
2198 742 2375 796 πενίαν,
2404 742 2514 799 ἔχων

371 815 420 860 δέ
450 833 496 860 τι
526 809 701 872 ἀγαθὸν
729 817 890 874 δρᾶσαι
923 812 1004 874 τὴν
1033 810 1179 869 πόλιν,
1211 809 1470 871 ἀξιώματος
1499 810 1694 873 ἀφανείᾳ
1721 809 1975 860 κεκώλυται.
2004 841 2055 849 -
2092 817 2152 861 De
2183 819 2363 872 quorum
2390 819 2515 863 loco-

372 904 465 934 rum
495 892 786 944 similitudine,
824 893 936 945 quod
970 893 1108 934 obiter
1136 903 1305 944 moneo,
1343 893 1378 934 si
1416 892 1591 933 dubium
1621 893 1690 944 sit,
1721 892 1835 945 quod
1866 892 2149 934 Dahlmannns
2180 893 2387 946 observat,
2416 893 2515 937 Pla-

371 968 513 1008 tonem
545 965 806 1021 Thucydidis
838 966 954 1008 illum
987 965 1125 1008 locum
1158 965 1407 1018 respexisse,
1437 965 1540 1008 illud
1573 968 1709 1007 tamen
1740 969 1933 1018 apparet,
1961 962 2050 1008 eius
2078 964 2310 1008 orationem
2342 965 2384 1008 h.
2406 966 2435 1009 l.
2459 967 2513 1010 ab

369 1037 618 1093 Thucydide
649 1039 838 1082 colorem
871 1039 1051 1082 duxisse.
1076 1063 1130 1070 -
1155 1039 1199 1081 ln
1230 1039 1304 1081 illo
1336 1039 1463 1089 igitur
1494 1037 1679 1081 Platonis
1698 1038 1794 1081 loco
1815 1039 2081 1092 suspicantur
2098 1038 2236 1082 verbis
2256 1039 2361 1082 illis:
2391 1038 2514 1083 καλεῖ
2591 1049 2596 1055 ·

369 1109 420 1154 δὲ
452 1105 477 1154 ὁ
508 1110 589 1168 μὲν
618 1104 754 1170 αὐτὴν
783 1110 1098 1172 δημοκρατίαν,
1139 1117 1297 1156 certum
1339 1112 1546 1168 quendam
1579 1112 1809 1167 hominem,
1849 1112 1921 1167 qui
1958 1110 2271 1156 Atheniensium
2307 1113 2512 1158 civitatem

368 1184 671 1244 δημοκρατίαν
700 1188 1004 1240 (principatum
1038 1189 1309 1240 popularem)
1338 1188 1603 1240 appellasset,
1632 1187 1884 1240 reprehendi
1915 1192 2039 1242 atque
2058 1189 2212 1230 notari.
2262 1186 2396 1243 Atque
2417 1200 2512 1232 cer-

369 1267 456 1305 tum
489 1262 605 1305 illum
637 1262 679 1305 in
711 1267 880 1315 promtu
913 1261 1081 1306 habent.
1136 1262 1285 1317 Lysian
1319 1262 1428 1305 hunc
1459 1272 1547 1305 esse
1577 1262 1750 1313 dignum
1785 1265 1886 1305 nota
1917 1261 2129 1305 hominem
2160 1262 2411 1318 existimant,
2440 1264 2511 1318 qui

367 1337 534 1380 duobus
566 1336 672 1379 locis
701 1337 753 1379 de
784 1333 1065 1393 δημοκρατίᾳ
1085 1334 1398 1379 Atheniensium
1431 1336 1639 1389 loquatur.
1682 1335 1827 1391 Lysiae
1858 1335 1954 1379 illos
1984 1336 2106 1379 locos
2132 1336 2358 1381 videamus.
2398 1340 2423 1387 ς
2444 1337 2510 1383 18.

368 1408 541 1466 πρῶτοι
560 1407 609 1452 δὲ
630 1408 702 1452 καὶ
723 1401 854 1464 μόνοι
875 1406 922 1452 ἐν
944 1407 1095 1465 ἐκείνῳ
1119 1409 1182 1465 τῷ
1209 1401 1352 1465 χρόνῳ
1373 1401 1632 1463 ἐκβαλόντες
1661 1402 1741 1458 τὰς
1768 1400 1890 1465 παρά
1908 1420 2064 1465 σφισιν
2081 1400 2235 1459 αὐτοῖς
2253 1407 2511 1459 δυναστείας

367 1480 669 1539 δημοκρατίαν
699 1474 1038 1540 κατεστήσαντο,
1069 1475 1304 1540 ἡγούμενοι
1334 1476 1414 1540 τὴν
1445 1475 1623 1526 πάντων
1652 1478 1907 1540 ἐλευθερίαν
1928 1474 2138 1538 ὁμόνοιαν
2154 1476 2268 1527 εἶναι
2284 1481 2511 1540 μεγίστην,

368 1571 403 1597 κ.
426 1570 466 1599 τ.
486 1554 522 1598 λ.
555 1560 579 1607 §
601 1557 671 1602 61.
705 1555 840 1612 Atque
870 1557 1044 1600 iterum:
1076 1553 1254 1599 ἐκείνων
1284 1554 1332 1599 δὲ
1362 1554 1453 1600 τῶν
1483 1548 1653 1613 ἀνδρῶν
1672 1549 1802 1610 ἄξιον
1820 1554 1892 1600 καὶ
1914 1552 2012 1613 ἰδίᾳ
2032 1554 2104 1600 καὶ
2124 1553 2321 1613 δημοσίᾳ
2340 1556 2512 1615 μεμνῆσ
2541 1591 2545 1600 .

367 1633 467 1681 θαι,
487 1624 533 1672 οἳ
552 1622 794 1685 φεύγοντες
813 1623 893 1686 την
914 1628 1116 1673 δουλείαν
1135 1629 1206 1673 καὶ
1227 1628 1326 1686 περὶ
1347 1629 1427 1673 τοῦ
1442 1627 1620 1673 δικαίου
1632 1622 1877 1685 μαχόμενοι
1895 1628 1969 1673 καὶ
1985 1623 2098 1687 ὑπὲρ
2113 1624 2198 1687 τῆς
2210 1627 2510 1687 δημοκρατίας

366 1696 695 1754 στασιάσαντες,
724 1696 894 1752 πάντας
924 1701 1164 1758 πολεμίους
1192 1701 1448 1760 κεκτημένοι
1477 1700 1542 1752 εἰς
1570 1697 1647 1746 τὸν
1667 1703 1862 1760 Πειραιᾶ
1890 1702 2129 1760 κατῆλθον,
2160 1695 2237 1744 οὐκ
2263 1700 2349 1746 vno
2373 1695 2511 1758 νόμου

368 1769 732 1834 ἀναγκασθέντες,
762 1770 856 1820 ἀλλ’
873 1770 960 1821 ὑπὸ
982 1776 1062 1835 τῆς
1082 1768 1262 1834 φύσεως
1283 1774 1554 1829 πεισθέντες,
1583 1779 1752 1827 καινοῖς
1770 1769 1992 1827 κινδύνοις
2020 1770 2102 1834 τὴν
2131 1771 2322 1820 παλαιὰν
2350 1769 2511 1835 ἀρετὴν

367 1850 456 1893 τιῖν
485 1843 719 1909 προγόνων
747 1843 1059 1908 μιμησάμενοι.
1089 1866 1124 1892 κ.
1156 1865 1194 1893 τ.
1227 1850 1263 1893 λ.
1327 1851 1381 1893 Ut
1410 1852 1492 1894 iam
1524 1852 1661 1895 statim
1692 1852 1847 1907 dicam,
1874 1852 1976 1908 quid
2006 1852 2059 1895 de
2089 1852 2160 1894 illa
2192 1851 2510 1895 ratiocinatione

367 1924 564 1981 sentiam3
598 1924 749 1968 salsum
781 1929 843 1967 est
872 1925 952 1968 hoc
983 1926 1079 1968 loco
1113 1926 1241 1968 ullum
1273 1937 1295 1968 a
1329 1925 1501 1969 Platone
1533 1925 1804 1979 reprehendi,
1839 1925 2106 1969 falsissimum
2146 1929 2222 1979 est,
2264 1924 2413 1980 Lysian
2453 1925 2509 1968 ob

368 1997 475 2040 duos
505 1997 603 2039 illos
632 1997 752 2040 locos
782 1998 989 2050 elegantes
1018 1999 1297 2056 reprehendi,
1327 2009 1376 2042 ac
1406 2008 1502 2042 vera
1534 1998 1647 2042 illius
1666 1997 1870 2042 Platonici
1902 1997 1985 2042 loci
2014 1997 2123 2041 ratio
2154 2001 2277 2052 atque
2306 1998 2507 2042 sententia

367 2071 461 2130 talis
491 2076 566 2112 est.
624 2068 930 2128 Δημοκρατία,
962 2072 1001 2112 h.
1035 2083 1071 2113 e.
1106 2073 1366 2125 principatus
1395 2073 1629 2126 popularis,
1663 2073 1839 2116 civitatis
1868 2073 2089 2126 disciplina
2120 2070 2433 2113 Atheniensium
2464 2076 2507 2114 ut

368 2155 462 2186 vere
492 2149 597 2197 erat,
629 2145 683 2187 ita
714 2146 768 2187 ab
801 2145 997 2187 omnibus
1026 2146 1150 2197 volgo
1172 2146 1480 2199 appellabatur,
1510 2150 1636 2200 atque
1668 2147 1722 2189 ita
1751 2158 1842 2189 eam
1862 2146 1943 2200 ipsi
1963 2144 2249 2198 Athenienses,
2279 2149 2323 2187 ut
2342 2155 2508 2188 omnem

367 2218 630 2270 optimatium
663 2230 712 2260 ac
741 2219 946 2260 nobilium
969 2224 1007 2260 et
1027 2230 1259 2272 paucorum
1281 2219 1609 2262 dominationem
1643 2220 1782 2274 perosi
1814 2220 2019 2274 appellari
2049 2219 2259 2272 volebant,
2288 2222 2330 2261 et
2356 2204 2440 2271 ipsi
2470 2225 2510 2261 et

365 2293 406 2333 in
438 2293 607 2345 scriptis
637 2297 677 2333 et
708 2293 749 2333 in
784 2293 963 2334 decretis
993 2293 1175 2346 publicis
1204 2298 1244 2334 et
1274 2294 1428 2347 ubique
1458 2291 1766 2350 δεμοκρατίαν,
1796 2295 1857 2336 vel
1879 2293 1994 2349 quod
2018 2293 2130 2335 idem
2151 2293 2339 2345 notabat,
2368 2290 2508 2347 δῆμον

365 2377 515 2409 vocare
544 2366 757 2422 solebant3
788 2377 922 2420 neque
952 2367 1074 2408 aliter
1101 2372 1294 2409 oratores
1312 2368 1400 2409 sine
1422 2368 1663 2409 discrimine
1684 2379 1845 2421 omnes,
1874 2378 1969 2410 cum
1998 2368 2061 2409 vel
2093 2367 2271 2409 maxime
2302 2366 2506 2408 civitatem

365 2442 599 2493 laudarent,
629 2441 912 2493 appellabant.
958 2440 1101 2494 ltaque
1131 2452 1221 2482 eam
1253 2441 1579 2494 appellationem
1613 2441 1655 2482 in
1687 2453 1769 2484 uno
1800 2446 1969 2484 oratore
1999 2441 2040 2482 h.
2064 2441 2090 2482 l.
2117 2440 2426 2493 reprehendere
2456 2452 2506 2482 ne

365 2515 407 2555 in
438 2519 616 2556 mentem
648 2514 817 2568 quidem
849 2514 1048 2556 inducere
1079 2514 1188 2557 ullus
1216 2516 1364 2568 potuit.
1425 2515 1541 2558 Plato
1575 2521 1711 2558 autem
1744 2516 1817 2559 illo
1848 2516 1943 2558 loco
1975 2516 2060 2557 sive
2091 2514 2332 2557 blandiendi
2364 2524 2505 2557 caussa

363 2588 448 2629 sive
480 2588 593 2641 quod
621 2588 885 2640 probabilius
905 2589 1053 2630 eteius
1075 2589 1275 2638 gravitate
1297 2589 1479 2641 dignius,
1510 2595 1551 2630 ut
1583 2590 1742 2631 civibus
1771 2590 1857 2631 suis
1887 2590 1929 2630 in
1958 2589 2143 2630 animum
2164 2593 2395 2639 revocaret,
2424 2599 2503 2640 qua

364 2667 500 2703 mente
539 2662 641 2703 haec
681 2662 859 2703 civitatis
897 2661 1119 2714 disciplina
1149 2675 1173 2704 a
1205 2663 1354 2714 primis
1385 2663 1468 2704 illis
1498 2664 1807 2714 legislatoribus
1847 2669 1887 2705 et
1916 2663 2208 2704 conditoribus
2249 2662 2406 2703 liberae
2444 2664 2504 2704 rei

363 2735 557 2788 publicae
588 2733 910 2778 Atheniensibus
935 2735 1029 2778 data
1052 2741 1173 2789 esset,
1203 2737 1403 2779 nimirum
1434 2749 1498 2790 ea,
1527 2742 1571 2779 ut
1600 2736 1748 2789 optimi
1780 2742 1821 2779 et
1850 2736 1997 2789 populi
2030 2735 2187 2778 iudicio
2219 2734 2503 2788 probatissimi

362 2809 439 2850 viri
472 2809 805 2862 dominarentur,
833 2809 1060 2862 appellavit
1086 2811 1360 2864 principatum
1391 2812 1646 2865 optimorum.
1701 2808 1837 2865 Atque
1869 2814 1914 2853 ut
1943 2810 2050 2852 hanc
2079 2819 2169 2852 rem
2201 2808 2381 2860 efferret,
2411 2808 2504 2850 vul-

361 2893 504 2935 garem
534 2883 861 2938 appellationem
891 2880 1169 2941 δημοκρατία
1199 2884 1309 2928 iuxta
1333 2895 1481 2928 novam
1512 2885 1644 2940 illam,
1679 2885 1732 2928 ab
1763 2885 1856 2939 ipso
1888 2887 2100 2937 tentatam,
2128 2882 2248 2937 ponit
2278 2881 2339 2925 vel
2360 2881 2398 2924 ei
2421 2892 2504 2936 op-

362 2958 505 3015 ponit3
536 2958 653 3012 quasi
684 2958 867 3000 diceret:
899 2955 1117 3012 „Civitatis
1147 2963 1313 3002 nostrae
1344 2959 1583 3014 disciplina,
1612 2959 1647 3002 si
1681 2969 1778 3002 vero
1810 2959 1979 3002 nomine
2010 2968 2159 3000 vocare
2184 2956 2389 3010 volumus,
2418 2966 2503 2999 non

361 3035 423 3073 est
452 3042 575 3085 quam
607 3032 731 3084 vulgo
762 3043 958 3076 vocamus
988 3038 1028 3075 et
1058 3034 1198 3076 vocari
1231 3034 1435 3088 volumus,
1476 3031 1780 3091 δημοκρατία;
1820 3032 1893 3076 sed
1930 3036 1992 3075 est
2032 3023 2350 3087 ἀριστοκρατία
2380 3041 2500 3073 sensu

360 3104 574 3157 primitivo
596 3116 645 3149 ac
667 3106 864 3160 proprio,
895 3118 935 3161 q.
958 3119 995 3150 e.
1018 3107 1280 3161 principatus
1300 3108 1384 3152 sive
1405 3108 1629 3163 imperium
1652 3107 1910 3162 optimorum
1931 3105 2164 3149 virorum.“
2211 3103 2352 3159 Quum
2375 3105 2501 3157 igitur

360 3177 462 3221 haec
485 3177 567 3221 loci
600 3178 706 3222 ratio
737 3184 777 3222 et
807 3179 875 3222 bic
906 3191 1049 3224 sensus
1080 3180 1149 3234 sit,
1179 3186 1354 3234 apparet
1386 3181 1453 3225 hic
1484 3181 1537 3225 de
1567 3181 1768 3235 peculiari
1793 3180 1971 3235 quadam
1995 3178 2139 3234 Lysiae
2167 3183 2237 3223 aut
2263 3178 2369 3223 alius
2398 3179 2499 3223 certi
