2882 3633
1183 119 1686 164 -κθοᾶᾰθοεε-οο-

363 235 635 279 Menexenum
667 244 786 277 suum
819 232 1131 276 laudationibus
1160 233 1377 276 rhetorum
1408 234 1672 289 opposuisse,
1702 235 1743 278 in
1775 235 1840 278 his
1865 239 2000 279 autem
2022 235 2229 288 imprimis
2251 235 2398 290 Lysian
2429 248 2498 279 re-

362 309 545 363 spexisse
567 313 607 350 et
628 312 791 349 notasse
822 306 1067 348 affirmaret.
1123 307 1266 361 Neque
1299 307 1440 357 negari
1473 312 1628 361 potest,
1662 309 1789 351 multa
1819 320 1867 351 ac
1898 309 2009 351 varia
2041 321 2064 351 a
2096 307 2415 351 Schoenbornio
2445 311 2498 351 ad

362 383 475 424 illam
507 381 750 423 sententiam
783 381 1046 433 probandam
1076 385 1199 434 atque
1231 381 1498 422 evincendam
1531 393 1614 423 non
1645 383 1734 425 sine
1764 383 1926 425 ratione
1956 394 2004 425 ac
2035 383 2172 436 specie
2191 382 2501 435 probabilitatis

361 466 448 498 esse
480 454 645 498 collata.
707 454 864 498 Verum
903 454 937 496 si
978 454 1232 508 quaerimus,
1271 464 1487 507 quousque
1525 465 1592 497 res
1630 454 1752 498 huius
1776 456 1854 498 viri
1885 456 2134 509 probatione
2166 460 2205 499 et
2234 455 2498 508 superiorum

361 528 530 571 illorum
561 527 840 571 affirmatione
872 531 1068 580 provecta
1100 527 1167 580 sit,
1198 538 1282 568 non
1314 527 1442 569 modo
1475 538 1558 569 non
1591 527 1777 572 confecta
1810 534 1850 572 et
1878 530 2066 573 absoluta
2096 529 2168 572 sed
2190 528 2497 583 propemodum

359 603 495 645 adhuc
529 603 688 652 integra
721 612 808 642 esse
838 601 1016 642 videtur.
1064 600 1267 653 Pleraque
1289 600 1417 652 enim,
1447 612 1553 653 quae
1582 601 1635 642 ad
1668 603 1711 643 id
1744 604 2075 659 confirmandum
2099 604 2141 644 in
2165 603 2347 645 medium
2374 603 2496 644 allata

359 681 468 729 sunt,
498 675 677 718 acrioris
709 675 879 717 criticae
911 675 1044 716 lucem
1077 674 1248 715 minime
1272 674 1473 715 sustinere
1495 674 1645 727 valent,
1676 680 1715 716 et
1739 677 1921 719 curatius
1939 677 1974 718 si
1995 677 2187 719 aestimes
2206 688 2254 718 ac
2277 676 2499 729 ponderes,

357 754 428 791 aut
458 750 582 800 longe
620 748 794 801 repetita
833 753 903 790 aut
941 759 1116 801 prorsus
1153 747 1255 788 falsa
1298 752 1337 788 et
1375 747 1662 789 commentitia
1703 759 1790 790 esse
1821 750 2025 792 videntur.
2088 743 2182 792 Alia
2210 761 2375 803 quoque
2406 754 2499 791 sunt

358 823 612 876 compluria,
642 834 747 876 quae
779 822 816 863 ei
844 821 1070 863 sententiae
1102 822 1225 874 piane
1256 826 1512 874 repugnant:
1544 833 1649 874 quae
1680 821 1741 862 illi
1773 823 1890 864 docti
1920 830 1992 865 aut
2014 834 2099 865 non
2118 824 2218 866 satis
2235 824 2497 865 adverterunt

356 901 427 940 aut
457 897 633 939 scientes
664 901 704 939 et
734 895 975 950 prudentes,
1013 895 1126 950 quod
1159 895 1275 938 ulcus
1305 900 1473 946 tangere
1504 895 1681 949 nollent,
1716 896 1883 939 silentio
1915 897 2296 951 praetermiserunt.
2357 896 2497 951 ltaque

356 981 439 1011 non
473 971 631 1011 inutilis
661 981 749 1011 esse
780 970 942 1011 videtur
974 969 1096 1010 labor
1126 981 1173 1010 ea
1205 969 1363 1020 omnia,
1395 973 1596 1021 quatenus
1626 971 1788 1019 angusti
1822 970 1944 1012 huius
1974 972 2214 1024 scriptionis
2235 972 2335 1012 fines
2356 971 2396 1012 id
2419 982 2497 1022 pa-

356 1043 531 1096 tiantur,
571 1043 811 1093 diligentius
845 1047 1087 1095 retractare,
1126 1054 1205 1095 qua
1238 1054 1366 1094 opera
1399 1041 1521 1084 simul
1554 1041 1743 1085 nonnihil
1776 1042 1828 1086 ad
1861 1043 1944 1086 duo
1977 1044 2046 1088 illa
2076 1044 2223 1097 stripta
2256 1043 2496 1087 illustranda

355 1117 594 1170 rectiusque
626 1116 894 1167 intelligenda
927 1115 1111 1159 conferri
1144 1120 1350 1168 putamus.

473 1189 564 1234 Jam
598 1189 783 1243 primum
816 1188 918 1232 illud
945 1188 1213 1242 perspicuum
1233 1192 1307 1241 est,
1343 1187 1456 1242 quod
1482 1186 1676 1232 Socrates
1697 1189 1738 1232 in
1762 1189 1854 1242 ipso
1877 1189 2065 1244 dialogo,
2093 1190 2134 1234 h.
2158 1203 2193 1234 e.
2218 1191 2259 1234 in
2282 1190 2495 1235 Menexeni

354 1267 470 1317 parte
492 1262 717 1317 dialogica,
746 1262 788 1305 in
822 1261 1046 1316 epitaphiis
1074 1261 1157 1305 sive
1181 1262 1493 1307 laudationibus
1524 1263 1740 1307 cavilletur
1759 1267 1882 1319 atque
1903 1264 2122 1319 vituperet,
2142 1264 2185 1308 id
2208 1264 2378 1308 omnino
2402 1264 2497 1307 nni-

354 1350 469 1381 verse
500 1338 790 1391 pronuntiari:
824 1341 866 1379 ut
897 1336 1034 1379 omnis
1058 1337 1128 1380 illa
1150 1337 1421 1390 reprehensio
1444 1342 1483 1380 et
1507 1337 1647 1380 irrisio
1671 1337 1722 1380 de
1743 1343 1830 1381 toto
1863 1351 2015 1389 genere
2047 1340 2300 1393 orationum,
2331 1339 2496 1393 quaein

354 1423 404 1454 eo
444 1417 689 1464 argumento
727 1416 1015 1464 versarentur,
1056 1422 1105 1453 ac
1144 1411 1196 1454 de
1229 1411 1344 1453 omni
1375 1411 1544 1453 illorum
1576 1416 1791 1453 oratorum
1826 1412 1947 1454 turba
1980 1412 2156 1463 intelligi
2188 1413 2348 1455 debeat.
2408 1413 2495 1455 Nisi

354 1486 481 1537 igitur
520 1487 601 1528 vim
645 1485 801 1529 inferre
842 1486 1026 1528 orationi
1068 1496 1303 1540 novumque
1343 1490 1383 1527 et
1419 1486 1548 1527 alium
1591 1495 1713 1539 quam
1747 1490 1786 1528 et
1816 1487 1940 1528 verba
1974 1487 2187 1529 declarant
2216 1492 2254 1529 et
2285 1491 2498 1529 contextus

353 1561 547 1613 ratioque
579 1561 786 1601 sermonis
815 1560 993 1612 requirit
1026 1560 1269 1600 sententiam
1301 1560 1507 1601 subiicere
1538 1560 1751 1615 volumus3
1779 1560 1831 1600 ad
1857 1571 1982 1600 unum
2007 1560 2212 1612 quendam
2235 1565 2393 1601 certum
2415 1561 2497 1601 sive

353 1633 501 1686 Lysian
534 1635 617 1674 sive
648 1635 776 1675 alium
808 1645 1097 1685 quemcunque
1127 1633 1277 1674 referri
1308 1634 1379 1674 vix
1412 1639 1559 1684 potest.
1598 1633 1741 1685 Neque
1761 1633 1995 1675 distinctius
2025 1635 2065 1675 in
2090 1634 2237 1686 Lysian
2268 1634 2376 1675 dicta
2405 1639 2497 1675 sunt

353 1718 417 1757 ea,
448 1719 553 1758 quae
583 1719 606 1746 a
630 1707 802 1747 Platone
826 1708 914 1757 ipsa
949 1707 1139 1747 oratione
1171 1718 1242 1746 sua
1279 1708 1320 1747 in
1359 1708 1504 1748 iisdem
1537 1708 1848 1748 laudationibus
1884 1709 2113 1758 vituperari
2151 1713 2360 1758 putantur.
2407 1708 2497 1748 No-

352 1781 556 1821 tissimum
598 1781 766 1831 quidem
799 1786 859 1821 est
888 1780 1112 1821 artificium
1144 1781 1328 1831 dicendi,
1370 1793 1452 1832 quo
1490 1792 1613 1830 saepe
1646 1781 1706 1831 id,
1744 1782 1856 1832 quod
1890 1782 1942 1822 de
1972 1794 2054 1823 uno
2088 1782 2262 1829 intelligi
2294 1781 2497 1830 volumus,

353 1854 407 1895 ita
440 1855 718 1904 declaramus,
762 1860 805 1894 ut
836 1854 886 1895 de
920 1854 1209 1904 compluribus
1238 1860 1308 1895 aut
1339 1854 1390 1895 de
1421 1854 1616 1895 omnibus
1646 1853 1786 1896 dicere
1817 1854 2049 1904 videamur,
2092 1854 2176 1895 sive
2208 1854 2426 1895 cavillandi
2458 1860 2497 1896 et

353 1927 519 1969 iocandi
553 1940 695 1969 caussa
727 1927 812 1969 sive
845 1931 889 1968 ut
921 1927 1238 1978 vituperationis
1268 1927 1537 1969 acerbitatem
1566 1926 1804 1977 mitigemus
1824 1927 1909 1969 sive
1933 1932 1975 1969 ut
1995 1928 2081 1969 irae
2103 1932 2142 1969 et
2165 1926 2394 1969 calumniae
2416 1940 2496 1978 op-

353 2001 576 2051 probrium
609 2001 849 2043 devitemus.
913 1998 995 2042 Sed
1027 2001 1137 2043 nulla
1172 2006 1281 2043 certa
1314 2000 1547 2043 istiusmodi
1580 2001 1734 2044 indicia
1766 2000 1931 2044 consilii
1962 2001 2004 2043 in
2035 2006 2122 2043 toto
2147 2000 2330 2044 Platonis
2354 2000 2495 2043 libello

353 2074 636 2127 reperiuntur.
701 2072 809 2128 Quis
838 2074 948 2117 enim
981 2086 1063 2117 non
1096 2073 1205 2117 videt
1237 2086 1348 2127 eum,
1378 2074 1458 2118 hoc
1489 2075 1522 2117 si
1556 2075 1596 2117 in
1627 2074 1767 2117 animo
1800 2075 2005 2128 habuiset,
2036 2075 2092 2118 ita
2126 2074 2358 2117 orationem
2381 2085 2495 2117 suam

354 2148 621 2193 conformare
652 2149 907 2204 oportuisse,
938 2154 982 2191 ut
1015 2150 1150 2201 ipsum
1182 2148 1331 2204 Lysian
1363 2149 1517 2192 alicubi
1551 2149 1806 2192 describeret
1835 2154 1905 2192 aut
1926 2154 2068 2202 aperte
2090 2148 2340 2201 designaret,
2371 2153 2496 2201 certe,

352 2224 386 2265 si
424 2224 504 2265 hoc
542 2223 688 2276 nollet,
731 2228 773 2265 ut
804 2227 935 2265 totam
967 2222 1056 2265 eius
1088 2223 1325 2264 orationem
1369 2223 1431 2264 vel
1468 2223 1651 2273 singulas
1682 2223 1770 2265 eius
1800 2228 1941 2275 partes
1980 2228 2019 2265 et
2050 2222 2216 2264 dicendi
2255 2221 2426 2263 modum
2458 2227 2497 2263 et

352 2296 448 2339 vitia
481 2297 659 2340 maxime
692 2296 869 2346 insignia
901 2300 1181 2349 percenseret,
1210 2295 1390 2349 efferret,
1421 2296 1652 2346 corrigeret
1683 2300 1723 2339 et
1754 2296 1824 2339 ubi
1857 2296 1987 2339 visum
2019 2300 2140 2348 esset,
2168 2295 2428 2338 cavillaretur
2457 2300 2496 2337 et

354 2368 560 2413 illuderet.
608 2368 740 2412 Aliter
771 2369 882 2412 enim
914 2368 1004 2412 fieri
1036 2380 1119 2412 non
1153 2373 1332 2422 poterat,
1363 2373 1406 2412 ut
1427 2369 1496 2412 ille
1519 2381 1623 2412 unus
1645 2369 1686 2413 in
1710 2379 1832 2423 quem
1854 2369 2088 2413 orationem
2113 2368 2358 2421 intenderet,
2389 2367 2496 2411 inter

353 2448 414 2484 tot
432 2444 535 2485 tales
556 2449 746 2486 oratores
767 2444 819 2485 ab
843 2444 1075 2493 legentibus
1095 2444 1194 2485 satis
1215 2444 1587 2486 internosceretur:
1610 2455 1704 2485 nam
1727 2455 1918 2493 magnam
1940 2444 2109 2485 illorum
2131 2448 2346 2484 oratorum
2372 2440 2496 2483 fuisse

353 2517 660 2560 multitudinem
692 2522 776 2559 tum
809 2530 832 2560 a
861 2516 1049 2570 Platone,
1082 2517 1220 2571 Lysia,
1249 2516 1495 2571 Thucydide
1526 2521 1565 2559 et
1595 2516 1689 2559 aliis
1718 2516 1960 2558 auctoribus
1989 2516 2222 2568 proditum,
2251 2519 2336 2557 tum
2366 2526 2415 2556 ex
2447 2524 2496 2557 eo

352 2589 590 2641 probabilis
621 2589 860 2633 coniectura
893 2594 970 2643 est,
1000 2590 1113 2644 quod
1146 2603 1229 2633 non
1261 2590 1397 2633 solum
1431 2590 1593 2643 quoties
1624 2591 1732 2633 cives
1763 2590 1803 2633 in
1837 2589 1947 2633 bello
1980 2589 2087 2632 caesi
2119 2593 2252 2631 essent
2282 2587 2354 2630 sed
2374 2587 2496 2631 etiam

353 2663 501 2716 quovis
531 2675 641 2705 anno
675 2668 826 2705 statuto
859 2663 900 2706 in
933 2664 1179 2707 memoriam
1212 2664 1399 2706 omnium
1433 2664 1502 2717 qui
1536 2675 1715 2718 unquam
1748 2647 1828 2717 pro
1861 2663 1998 2716 patria
2031 2662 2322 2705 occubuissent
2352 2661 2419 2704 die
2449 2672 2496 2704 ac

354 2734 457 2778 festo
490 2736 676 2778 laudatio
708 2737 792 2778 sive
822 2736 1059 2789 epitaphius
1090 2737 1236 2779 haberi
1267 2738 1444 2779 solebat.
1477 2736 1541 2779 ·At
1571 2749 1773 2792 nusquam
1804 2738 1867 2779 vel
1901 2737 1985 2779 ullo
2018 2737 2144 2778 verbo
2170 2735 2248 2788 ipsi
2266 2734 2411 2791 Lysiae
2432 2734 2497 2776 al—

354 2808 466 2862 lusit,
506 2821 555 2851 ac
590 2814 748 2851 tantum
780 2809 912 2864 abest,
952 2814 994 2851 ut
1025 2810 1249 2864 conspicua
1282 2815 1321 2853 et
1352 2810 1527 2863 insignia
1560 2811 1648 2854 eius
1679 2811 1774 2854 vitia
1807 2810 1972 2854 dicendi
2006 2813 2326 2864 percenseantur
2356 2820 2404 2851 ac
2435 2808 2496 2850 vi-

355 2887 614 2937 tuperentur,
645 2889 688 2926 ut
720 2883 786 2926 vix
818 2884 964 2926 unicus
995 2884 1231 2938 reperiatur
1262 2885 1392 2939 locus,
1424 2897 1506 2940 quo
1541 2886 1655 2929 illum
1689 2889 1899 2928 oratorem
1932 2883 2158 2935 significari
2185 2886 2254 2924 aut
2274 2882 2494 2935 perstringi

355 2969 433 3010 pro
468 2963 585 2999 certo
617 2959 819 3000 affirmari
853 2960 998 3011 possit.

473 3031 602 3086 Quod
633 3032 668 3075 si
701 3033 779 3075 isto
813 3033 941 3075 modo
974 3038 1060 3077 tota
1092 3044 1159 3077 res
1189 3033 1340 3076 debilis
1369 3039 1492 3088 atque
1523 3039 1711 3087 suspecta
1746 3045 1833 3077 esse
1863 3033 2066 3085 videatur,
2095 3031 2216 3084 illud,
2252 3031 2364 3086 quod
2398 3042 2497 3082 gra-

355 3107 511 3148 vissimi
544 3109 585 3149 in
617 3109 694 3150 hac
726 3109 968 3163 quaestione
999 3115 1059 3151 est
1091 3110 1307 3163 momenti,
1336 3111 1511 3152 accedit.
1561 3108 1731 3151 Constat
1762 3109 1974 3150 Platonem
2009 3108 2049 3147 in
2081 3106 2248 3159 scriptis
2277 3107 2361 3147 suis
2387 3106 2496 3148 haud

355 3191 526 3232 parvam
558 3181 868 3224 multitudinem
899 3183 1136 3236 aequalium
1166 3189 1237 3225 aut
1268 3185 1529 3238 eloquentiae
1561 3196 1609 3225 ac
1641 3183 1868 3235 sapientiae
1900 3181 2038 3222 studio
2069 3186 2138 3222 aut
2168 3181 2329 3221 civitate
2360 3180 2496 3221 admi-
