2882 3633
1165 119 1664 167 -Ηθοοθθοεεκ-

338 234 453 275 thum
484 234 525 276 in
557 235 722 287 proelio
754 234 1010 276 occiderant.
1071 233 1255 276 Alteram
1286 236 1621 278 distributionem
1653 237 1687 278 si
1718 238 1947 291 sequimur,
1985 240 2120 281 tribus
2155 251 2203 282 ea
2241 240 2474 282 continetur

337 307 562 360 capitibus,
592 319 772 362 quorum
804 309 988 361 primum
1009 310 1300 361 complectitur
1322 311 1629 362 expositionem
1650 321 1792 352 rerum
1811 309 2026 354 fabulosae
2045 314 2269 365 vetustatis,
2296 314 2473 360 alterum

336 391 476 422 rerum
506 379 820 423 Atheniensium
853 382 950 423 inde
980 394 1003 423 a
1035 384 1157 425 bellis
1187 383 1365 425 Persicis
1394 384 1697 437 narrationem,
1724 389 1983 436 postremum
2005 386 2316 429 conclusionem
2337 387 2389 428 de
2407 387 2474 439 iis,

336 455 406 509 qui
438 453 709 498 Corinthiaco
743 456 853 498 bello
887 457 995 512 caesi
1026 461 1159 499 erant.

448 529 498 573 A.
547 529 785 574 Exordium.
835 529 1013 574 Difficile
1035 536 1110 586 est,
1146 532 1198 574 de
1219 532 1367 574 virtute
1387 533 1592 587 virorum,
1622 533 1693 588 qui
1716 533 1796 575 hoc
1819 533 1913 575 loco
1934 534 1999 583 (13
2020 535 2193 589 publico
2214 535 2408 590 sepulcro
2430 535 2472 577 in

330 603 577 655 Ceramico)
595 605 746 658 sepulti
768 611 877 659 sunt,
900 606 1025 657 digne
1046 607 1199 648 dicere,
1235 606 1486 660 Quanquam
1510 618 1618 648 nnnc
1641 608 1850 649 contentio
1873 613 1933 650 est
1953 620 2037 650 non
2058 614 2139 651 tam
2158 621 2252 652 cum
2268 610 2472 660 gravitate

332 684 372 721 et
400 679 537 729 gloria
569 690 727 731 rerum,
766 690 869 732 quas
898 679 960 721 illi
991 684 1222 733 gesseruut,
1258 691 1381 734 quam
1415 691 1509 722 cum
1540 681 1832 733 superioribus
1860 682 2100 724 oratoribus
2130 683 2201 737 qui
2234 693 2360 735 super
2390 682 2473 725 illis

331 753 539 795 dixerunt.
600 753 681 794 Tot
712 754 822 795 enim
861 758 1054 807 tantaque
1093 758 1188 795 sunt
1229 754 1403 796 illustria
1444 765 1590 796 eorum
1628 753 1834 808 facinora,
1874 759 1917 797 ut
1958 756 2309 808 quemadmodum
2345 768 2472 809 supe-

330 827 466 868 riores
495 832 687 868 oratores
716 827 862 878 pulcre
894 827 945 867 de
977 827 1028 868 iis
1057 827 1267 879 dixerunt,
1298 828 1351 869 ita
1384 829 1691 880 posterioribus
1722 829 1916 870 omnibus
1947 830 2103 879 largam
2133 830 2186 871 ad
2217 830 2470 872 laudandum

331 901 547 942 materiam
579 901 859 952 suppeditent.
920 904 944 948 §
977 902 1014 944 1.
1049 903 1089 944 2.

446 973 491 1014 Β.
555 974 696 1026 ltaque
727 975 910 1025 primum
942 986 1009 1015 res
1039 974 1221 1015 illustres
1252 974 1459 1016 maiorum
1491 974 1602 1026 (τῶν
1631 965 1886 1031 προγόνων)
1917 975 2057 1019 fabula
2087 982 2128 1020 et
2158 976 2267 1020 fama
2299 977 2471 1023 traditas
2541 1033 2543 1036 .

326 1053 449 1100 atque
482 1053 761 1098 conservatas,
792 1047 1150 1088 commemorabo.
1196 1051 1222 1094 ς
1261 1048 1300 1089 3.
1343 1046 1590 1099 Amazones,
1633 1048 1779 1090 Martis
1820 1050 1941 1101 filias,
1979 1050 2285 1093 bellicosimum
2323 1051 2471 1094 etad-

327 1121 407 1161 huc
445 1120 772 1171 insuperabilem
813 1120 1035 1159 mulierum
1075 1120 1319 1171 exercitum,
1361 1132 1466 1172 quae
1505 1122 1653 1162 virtute
1693 1127 1733 1163 et
1771 1123 1900 1163 armis
1938 1134 2083 1165 omnes
2111 1129 2253 1173 gentes
2282 1129 2472 1176 proster-

326 1200 488 1247 nerent,
517 1194 700 1236 maiores
731 1194 863 1236 nostri
893 1193 1079 1244 gloriosa
1110 1193 1284 1235 victoria
1315 1194 1422 1237 iusta
1451 1207 1589 1247 pugna
1616 1196 1670 1238 ad
1693 1207 1816 1238 unam
1844 1207 1990 1239 omnes
2017 1197 2270 1241 ceciderunt.
2302 1197 2469 1247 §4—6.

327 1269 488 1312 Deinde
519 1269 560 1310 in
594 1279 736 1310 caussa
769 1267 989 1310 iustissima
1030 1272 1069 1309 et
1108 1267 1293 1320 piissima
1326 1268 1535 1310 Thebanis
1572 1269 1773 1311 auxilium
1817 1271 2015 1324 tulerunt,
2055 1270 2249 1325 Argivos,
2291 1273 2362 1326 qui
2399 1283 2472 1314 eos

326 1343 476 1386 infesto
510 1344 622 1385 bello
643 1348 908 1394 premerent,
938 1343 1179 1384 devicerunt
1210 1343 1335 1395 idque
1367 1348 1543 1395 propter
1574 1344 1688 1396 qnod
1712 1345 1866 1385 bellum
1887 1352 2171 1398 susceperant,
2200 1346 2377 1388 feliciter
2396 1358 2471 1388 ex-

325 1422 514 1469 egerunt.
558 1420 582 1466 §
611 1416 768 1461 7—10.
823 1416 1059 1458 Posteriore
1091 1421 1280 1468 tempore
1312 1416 1354 1458 in
1386 1417 1607 1459 iustissima
1639 1427 1784 1459 rursus
1815 1428 1957 1461 caussa
1989 1429 2069 1471 pro
2103 1418 2337 1462 Heraclidis
2367 1430 2470 1472 sup-

325 1492 523 1544 plicibus,
566 1496 710 1534 contra
746 1496 875 1533 totam
908 1491 1261 1543 Peloponnesum,
1303 1503 1409 1544 quae
1447 1502 1520 1533 eos
1558 1491 1688 1533 armis
1719 1495 1905 1544 urgeret,
1945 1492 2101 1533 bellum
2131 1499 2402 1545 susceperunt
2431 1499 2471 1536 et

326 1565 559 1607 Heraclidis
591 1566 631 1606 in
664 1565 898 1607 libertatem
928 1565 1148 1606 vindicatis
1169 1566 1441 1619 Eurystheum
1474 1566 1621 1607 merita
1651 1576 1787 1618 poena
1818 1566 2057 1608 affecerunt.
2092 1568 2323 1615 §.ss—16.
2354 1568 2468 1616 (Jam

325 1640 434 1681 hunc
467 1639 671 1681 orationis
701 1639 841 1680 locum
873 1638 925 1680 de
955 1638 1081 1680 rebus
1112 1637 1316 1680 fabulosis
1345 1638 1558 1691 aptissima
1590 1638 1850 1690 digressione
1882 1639 2132 1690 concludit.)
2181 1640 2308 1684 Multa
2341 1641 2470 1692 igitur

325 1725 404 1766 pro
436 1713 590 1755 iustitia
633 1713 815 1754 maiores
846 1712 978 1754 nostri
1010 1712 1195 1765 pericula
1228 1712 1522 1754 sustinuerunt.
1583 1712 1771 1765 Namque
1802 1713 1892 1765 ipsa
1923 1724 2070 1755 eorum
2100 1714 2333 1765 primordia
2366 1715 2470 1757 iusta

323 1788 507 1840 fuerunt,
537 1799 670 1841 neque
701 1788 817 1829 enim
842 1786 1021 1829 alienam
1054 1791 1208 1828 terram
1240 1786 1383 1828 eiectis
1414 1786 1564 1828 incolis
1588 1786 1627 1827 vi
1655 1791 1931 1839 occuparunt,
1960 1787 2033 1829 sed
2064 1787 2257 1840 inquilini
2288 1787 2471 1841 fuerunt,

322 1867 445 1915 atque
477 1863 665 1903 omnium
697 1860 824 1913 primi
855 1860 972 1902 domi
1003 1860 1297 1914 aequalitatem
1330 1860 1433 1902 iuris
1454 1866 1494 1902 et
1516 1860 1713 1903 iustitiam
1745 1860 2020 1903 instituerunt.
2070 1861 2212 1914 ltaque
2233 1873 2316 1904 non
2333 1862 2468 1904 solum

323 1940 463 1987 patres
493 1935 663 1977 illorum
697 1934 768 1988 qui
797 1934 866 1975 hic
887 1933 955 1975 siti
984 1938 1096 1986 sunt,
1126 1934 1253 1975 multa
1285 1934 1500 1986 praeclara
1532 1934 1572 1975 in
1602 1934 1838 1976 iustissimis
1860 1934 1982 1975 bellis
2002 1940 2233 1988 gesserunt,
2261 1940 2340 1983 (sc.
2363 1947 2469 1988 quae

323 2009 451 2049 modo
484 2009 673 2061 exposita
703 2012 837 2060 sunt),
865 2007 938 2048 sed
971 2007 1104 2047 multo
1140 2008 1299 2048 maiora
1333 2013 1372 2048 et
1404 2008 1654 2048 immortalia
1689 2008 1760 2060 qui
1791 2007 1872 2048 hoc
1902 2007 1997 2048 loco
2036 2008 2171 2049 iacent
2198 2020 2344 2049 eorum
2375 2009 2466 2050 filii.

323 2088 346 2132 §
369 2085 552 2128 17-19.
586 2081 706 2135 (Quo
724 2087 821 2134 apta
838 2080 1028 2123 transitio
1047 2081 1091 2121 fit
1110 2080 1165 2121 ad
1185 2080 1360 2122 alteram
1384 2081 1636 2127 narrationis
1653 2086 1834 2134 partem,
1853 2081 1907 2123 ad
1925 2092 1991 2123 res
2005 2086 2141 2130 gestas
2156 2092 2241 2123 non
2259 2080 2470 2125 fabulosas

321 2157 394 2199 sed
426 2157 600 2198 historia
633 2156 831 2207 illustres,
859 2155 913 2196 ad
939 2153 1105 2195 Persica
1128 2155 1250 2195 bella.
1293 2152 1427 2207 Atque
1459 2167 1506 2196 ea
1537 2155 1742 2204 digressio
1773 2166 1864 2196 eam
1895 2167 2062 2208 quoque
2083 2156 2138 2196 011
2161 2166 2346 2196 caussam
2368 2167 2469 2206 per-

323 2229 545 2271 commoda
578 2234 618 2270 et
648 2229 816 2278 elegans
845 2233 921 2280 est,
952 2228 1065 2280 quod
1096 2228 1156 2268 sic
1186 2239 1270 2269 non
1302 2229 1438 2268 solum
1469 2227 1659 2269 fabulosa
1692 2228 1762 2269 illa
1792 2229 1846 2269 ab
1877 2228 1928 2269 iis
1958 2229 2099 2280 rebus,
2131 2240 2236 2280 quae
2269 2228 2468 2271 historiae

323 2304 414 2345 luce
446 2304 584 2345 clarae
605 2308 645 2345 et
662 2307 831 2355 apertae
862 2306 972 2353 sunt,
1000 2307 1271 2344 secernuntur
1299 2307 1423 2355 atque
1453 2307 1548 2354 apte
1580 2302 1901 2354 concluduntur,
1931 2302 2004 2344 sed
2037 2302 2159 2344 etiam
2190 2300 2388 2354 efficitur,
2418 2314 2468 2344 ne

322 2378 559 2418 continente
589 2377 697 2418 serie
729 2386 869 2417 1313111
900 2380 1109 2425 gestarum
1139 2376 1316 2416 lectores
1346 2376 1431 2417 sive
1461 2376 1675 2416 auditores
1704 2375 1943 2425 fatigentur.
2008 2375 2137 2425 lgitur
2168 2375 2249 2416 iam
2281 2375 2333 2416 ad
2366 2375 2469 2417 Per-

319 2451 404 2493 sica
437 2451 545 2492 bella
576 2450 780 2492 accedens
812 2450 990 2501 pergin:
1027 2448 1216 2501 Namque
1248 2449 1310 2489 illi
1341 2449 1421 2490 soli
1451 2460 1530 2501 pro
1563 2448 1775 2490 communi
1807 2446 2008 2491 Graeciae
2039 2449 2230 2490 libertate
2260 2460 2309 2490 ac
2339 2448 2468 2490 salute

321 2530 467 2566 contra
500 2523 827 2565 innumerabiles
858 2522 1135 2563 barbarorum
1169 2522 1313 2574 copias
1343 2534 1529 2574 pugnare
1556 2522 1645 2564 ausi
1666 2527 1774 2564 sunt.
1822 2522 1964 2576 ltaque
1985 2534 2078 2565 cum
2103 2522 2320 2564 Persarum
2344 2533 2466 2563 exer-

321 2597 426 2640 citus
457 2594 677 2639 Graeciam
708 2607 826 2639 more
857 2594 1069 2648 procellae
1102 2595 1369 2638 inundassent
1390 2601 1429 2638 et
1449 2596 1502 2638 ad
1525 2595 1774 2656 Marathona
1795 2596 2101 2648 prorupissent,
2132 2595 2279 2637 illustri
2312 2606 2465 2648 repor-

318 2676 400 2713 tata
432 2671 606 2712 victoria
650 2681 722 2711 eos
759 2669 969 2712 fuderunt.
1002 2672 1028 2717 9
1060 2669 1246 2713 20—26.
1309 2669 1407 2711 Post
1438 2670 1540 2713 haec
1572 2681 1698 2723 quum
1728 2670 1886 2711 Xerxes
1918 2679 2010 2710 cum
2049 2669 2249 2721 exercitu,
2291 2675 2467 2722 quantus

321 2756 532 2799 nunquam
565 2749 658 2787 ante
680 2744 789 2787 visus
810 2749 915 2797 erat,
937 2740 1158 2786 Graeciam
1181 2743 1409 2798 invaderet,
1430 2744 1632 2787 classibus
1652 2749 1789 2786 autem
1810 2743 1896 2785 suis
1920 2748 2049 2785 totum
2072 2754 2187 2785 mare
2209 2750 2466 2796 occupasset,

320 2818 591 2862 Athenienses
620 2820 804 2872 primum
834 2819 946 2871 apud
967 2816 1235 2860 Artemisium
1256 2819 1459 2872 vicerunt,
1488 2825 1612 2873 atque
1635 2819 1786 2861 deinde
1808 2819 1919 2871 apud
1940 2817 2148 2860 Salamina
2172 2819 2359 2870 ipsorum
2384 2829 2465 2870 po-

320 2895 526 2936 tissimum
549 2906 678 2946 opera
702 2892 772 2935 illa
803 2893 978 2934 victoria
1011 2893 1166 2934 navalis
1188 2893 1464 2936 illustrissima
1489 2899 1624 2946 parta,
1656 2892 1915 2946 Graeciaque
1935 2906 1957 2934 a
1981 2893 2173 2935 barbaris
2194 2893 2367 2934 liberata
2390 2897 2463 2933 est.

320 2973 343 3017 §
365 2970 551 3011 27—44.
588 2968 745 3009 Deinde
766 2966 995 3009 eorundem
1020 2967 1196 3008 consilio
1220 2973 1260 3009 et
1281 2980 1409 3020 opera
1434 2966 1582 3011 Graeci
1607 2967 1745 3010 Persis
1764 2966 1876 3019 apud
1899 2967 2084 3009 Plataeas
2104 2966 2267 3008 obviam
2292 2966 2466 3019 iverunt,

321 3053 542 3095 pugnaque
561 3042 782 3084 commissa
800 3041 992 3094 Europae
1010 3040 1244 3084 libertatem
1264 3041 1581 3094 confirmarunt,
1597 3041 1735 3094 itaque
1753 3039 2022 3082 Athenienses
2038 3039 2156 3092 operi
2174 3039 2465 3091 splendidissi-

320 3126 434 3157 mum
457 3115 578 3156 finem
605 3116 906 3166 imposuerunt.
951 3112 1023 3156 καὶ
1054 3106 1142 3156 ὑπὸ
1164 3105 1340 3156 πάντων
1361 3106 1635 3170 ἠξιώθησαν,
1664 3112 1734 3155 καὶ
1766 3105 1932 3166 μεθ’ὦν
1959 3104 2228 3153 ἐκινδύνευον
2257 3110 2328 3153 καὶ
2351 3106 2465 3168 πρὸς

321 3180 396 3238 οὓς
425 3180 680 3241 ἐπόλεμουν,
713 3179 923 3244 ἡγεμόνες
954 3185 1158 3243 γενέσθαι
1189 3187 1269 3244 τῆς
1293 3179 1496 3236 Ἑλλάδος
1525 3186 1714 3241 (Quibus
1738 3186 1874 3228 verbis
1898 3186 2105 3235 eleganter
2131 3186 2341 3227 concludit
2362 3185 2464 3226 Per-
