2882 3633
1198 132 1699 179 Maeona-

388 250 597 296 uistranda
628 256 752 306 atquc
781 249 1045 305 procuranda
1076 249 1281 293 nobilium
1311 249 1510 292 cavillari.
1561 247 1677 302 Quot
1706 248 1999 304 philosophos,
2027 256 2128 304 quot
2156 251 2379 304 sophistas,
2408 257 2510 305 quot

386 329 575 368 oratores
603 325 716 368 illius
744 324 906 366 ironiae
935 334 984 365 ac
1002 322 1329 364 dissimulante
1349 321 1588 364 Socraticae
1612 322 1766 363 aculeis
1790 324 1967 375 pupugit
1985 329 2107 377 atque
2127 325 2381 375 perstrinxit.
2424 323 2507 366 Sed

385 408 586 453 nusquam
618 399 721 441 illud
751 398 894 441 timide
921 398 1070 440 fecisse
1098 397 1348 450 reperimus,
1377 408 1577 450 nusquam
1599 397 1770 450 oblique
1790 402 1829 438 et
1862 398 2003 439 abdite
2033 399 2103 440 sed
2137 400 2290 452 ubique
2311 400 2449 450 palam
2469 404 2509 440 et

383 476 525 525 aperte
555 472 631 526 sic,
663 476 705 515 ut
733 472 972 515 nominibus
1002 471 1255 524 compellare
1286 481 1370 512 non
1402 470 1624 512 haesitaret
1652 470 1996 526 vividissimisque
2020 472 2234 513 coloribus
2254 472 2509 513 describeret

382 549 504 600 atque
534 545 778 599 depingeret
807 555 1039 599 pravosque
1068 554 1214 587 eorum
1245 554 1400 597 mores,
1428 544 1579 597 studia,
1607 545 1800 598 artificia,
1829 546 2128 598 arrogantiam,
2158 546 2409 598 iactantiam,
2439 546 2506 586 in-

381 620 543 662 scitiam
571 630 731 662 summa
762 630 855 662 cum
886 620 1076 661 libertate
1105 619 1291 671 aperiret
1319 622 1446 672 atque
1476 624 1651 660 notaret.
1704 617 1835 670 Quid,
1865 619 1978 671 quod
2009 620 2144 671 ipsum
2175 619 2342 673 Lysian,
2372 624 2416 660 ut
2433 629 2507 659 su-

382 703 458 745 pra
489 692 643 734 dictum
674 698 749 746 est,
790 693 831 735 in
868 692 1058 734 Pbaedro
1099 697 1275 745 propter
1311 692 1544 734 orationem
1576 703 1692 734 suam
1724 693 1776 734 de
1804 704 1949 735 amore
1979 699 2019 736 et
2048 694 2215 735 nomine
2244 697 2435 735 vocatum
2467 698 2507 734 et

381 766 520 808 multis
549 776 646 809 sane
675 778 724 809 ac
754 766 1008 817 gravissimis
1036 765 1326 822 reprebendit3
1356 766 1453 806 licet
1482 765 1523 806 in
1555 766 1627 806 illo
1659 766 1769 806 libro
1801 766 1863 807 vel
1895 778 1977 808 non
1998 767 2141 808 addito
2163 766 2348 818 nomine,
2378 775 2504 819 quum

380 845 465 881 tota
495 841 631 881 oratio
662 841 716 882 ad
747 841 917 882 verbum
947 840 1161 892 citaretur,
1190 839 1283 893 quis
1311 845 1457 881 auctor
1488 839 1779 890 intelligendus
1809 846 1929 893 esset,
1958 841 2160 882 incertum
2186 845 2257 883 aut
2279 841 2504 882 obscurum

380 925 468 957 esse
499 926 583 956 non
614 920 766 968 posset.
816 915 924 958 Num
956 914 1057 970 quid
1090 914 1214 966 igitur
1244 914 1498 956 arbitramur
1528 914 1703 956 eundem
1736 914 1950 956 Platonem
1982 915 2023 956 in
2053 916 2133 956 boc
2162 926 2244 956 uno
2278 914 2422 955 libello
2448 913 2503 954 ita

379 997 553 1040 prorsus
572 999 595 1029 a
617 998 661 1029 se
684 988 775 1040 ipso
807 994 849 1030 et
880 988 1177 1030 consuetudine
1197 999 1270 1029 sua
1292 988 1528 1040 descivisse,
1558 994 1602 1029 ut
1623 989 1731 1029 bunc
1752 990 1887 1041 ipsum
1910 989 2076 1042 Lysian,
2106 984 2227 1041 quem
2249 989 2291 1028 in
2313 987 2503 1028 Phaedro

377 1061 554 1113 pessime
586 1062 772 1104 omnium
803 1063 1019 1116 habuerat,
1060 1066 1143 1105 tam
1173 1062 1355 1113 segniter
1384 1066 1549 1116 tamque
1580 1061 1741 1104 occulte
1771 1062 1968 1116 tetigerit,
2009 1066 2052 1104 ut
2080 1072 2163 1103 non
2194 1060 2320 1102 modo
2351 1068 2504 1101 nomen

377 1134 523 1187 citare,
567 1135 639 1178 sed
682 1147 882 1189 nusquam
924 1135 1010 1178 vitii
1050 1134 1298 1189 quidquam,
1328 1134 1440 1189 quod
1471 1146 1565 1179 eum
1596 1134 1717 1178 unice
1746 1135 1966 1187 attingeret
1996 1140 2035 1179 et
2063 1134 2284 1190 proprium
2315 1134 2353 1176 ei
2384 1137 2505 1186 esset,

376 1206 568 1261 proferre
598 1208 799 1253 auderet?
846 1208 1090 1263 Opponitur
1121 1208 1306 1264 quidem,
1344 1208 1457 1263 quod
1490 1208 1543 1251 ad
1581 1208 1684 1251 iilud
1715 1208 1829 1262 quod
1858 1219 2010 1251 nomen
2041 1208 2185 1264 Lysiae
2214 1218 2297 1250 non
2329 1206 2506 1259 vocarit,

376 1280 545 1325 minime
576 1281 619 1325 id
651 1282 927 1326 necessarium
959 1281 1115 1328 fuisse:
1135 1282 1405 1325 Menexeuum
1437 1282 1546 1324 enim
1578 1282 1714 1324 statim
1746 1287 1840 1336 post
1862 1283 2007 1337 Lysiae
2027 1283 2306 1325 laudationem
2332 1280 2505 1332 editam,

376 1367 480 1409 quae
510 1368 603 1399 eum
635 1357 846 1400 scribendi
877 1369 1018 1401 caussa
1049 1356 1209 1411 fuisset,
1239 1368 1326 1400 esse
1359 1356 1663 1410 compositum:
1695 1361 1738 1399 ut
1769 1367 1894 1411 quum
1920 1356 2065 1411 Lysiae
2089 1356 2226 1399 oratio
2249 1355 2404 1398 recenti
2423 1354 2502 1396 ad-

374 1428 453 1471 buc
483 1430 686 1472 memoria
718 1430 875 1485 suisset,
905 1431 1080 1485 quilibet
1109 1430 1263 1484 statim,
1293 1435 1437 1472 contra
1477 1441 1599 1484 quem
1638 1430 1738 1472 haec
1777 1431 1886 1472 dicta
1922 1436 2056 1473 essent
2083 1430 2372 1482 perspexisset.
2416 1428 2503 1470 Ve-

373 1513 464 1546 rum
497 1504 548 1546 de
578 1508 766 1558 tempore
797 1516 880 1560 quo
913 1506 1161 1548 Menexenus
1189 1505 1369 1558 scriptus
1397 1505 1466 1559 sit,
1509 1505 1613 1545 nihil
1644 1509 1820 1557 constat,
1864 1516 1946 1558 quo
1980 1505 2082 1545 illud
2114 1515 2192 1556 pro
2226 1508 2339 1543 certo
2371 1501 2504 1553 possit

372 1576 521 1629 evinci,
564 1578 692 1619 immo
731 1579 952 1630 probabile
989 1584 1050 1620 est
1090 1590 1183 1620 eum
1227 1579 1387 1632 aliquot
1414 1579 1534 1620 annis
1557 1584 1654 1630 post
1683 1579 1827 1631 Lysiae
1858 1580 2139 1620 laudationem
2169 1589 2255 1619 esse
2286 1575 2502 1626 composi-

373 1656 475 1702 tum,
520 1663 646 1704 quum
679 1653 759 1694 iam
794 1654 983 1694 nonnulli
1013 1654 1083 1695 alii
1124 1660 1313 1696 oratores
1352 1653 1691 1705 intercessissent,
1737 1657 1780 1693 ut
1811 1652 2010 1705 quicquid
2051 1652 2092 1693 in
2128 1650 2271 1704 Lysiae
2311 1648 2499 1690 oratione

371 1723 584 1774 placuerat
612 1731 683 1765 aut
714 1726 983 1777 displicuerat
1012 1727 1229 1768 interiecto
1260 1733 1448 1779 tempore
1476 1739 1608 1778 paene
1638 1727 1894 1768 exolevisset.
1952 1724 2034 1768 Sed
2067 1731 2110 1767 ut
2129 1725 2209 1766 hoc
2232 1721 2500 1771 concedatur,

371 1798 547 1839 alterum
581 1800 784 1847 integrum
816 1806 952 1842 tamen
981 1802 1117 1843 adbuc
1148 1808 1224 1852 est,
1254 1802 1368 1853 quod
1399 1814 1482 1843 non
1513 1807 1655 1853 aperta
1687 1806 1727 1842 et
1757 1799 1903 1853 Lysiae
1934 1799 2109 1852 propria
2141 1797 2237 1839 vitia
2267 1793 2498 1847 reprehen-

339 1872 347 1877 '
371 1870 494 1921 derit,
525 1884 607 1922 quo
640 1873 701 1913 vel
732 1872 819 1914 sine
849 1873 1018 1914 nomine
1048 1873 1137 1915 eius
1161 1875 1272 1925 ,ratio
1304 1880 1344 1916 et
1373 1875 1508 1917 oratio
1539 1879 1847 1924 agnosceretur.
1895 1871 2023 1926 Quod
2055 1885 2106 1915 ne
2136 1869 2346 1915 afffrmare
2368 1866 2499 1918 magis

372 1956 493 1996 quam
526 1945 708 1995 probare
739 1960 788 1987 ac
819 1946 1104 1989 demonstrare
1132 1947 1362 2000 videamur,
1391 1948 1568 2000 singula,
1607 1959 1712 2001 quae
1743 1947 1796 1989 ad
1827 1944 2152 1989 confirmandam
2184 1942 2295 1987 illam
2328 1942 2499 1985 senten-

370 2016 467 2058 tiam
499 2017 620 2060 allata
652 2023 760 2070 sunt,
789 2017 1028 2069 diligentius
1057 2021 1400 2073 contemplemur.

483 2088 667 2133 Primum
700 2090 1041 2136 Schoenbornius
1069 2092 1220 2137 collato
1244 2094 1458 2149 utriusque
1479 2094 1683 2138 orationis
1702 2098 1945 2145 argumento
1976 2098 2016 2136 et
2044 2092 2192 2135 ordine
2213 2088 2363 2145 Lysian
2392 2096 2496 2140 pro-

371 2168 461 2216 pter
491 2164 740 2215 singularem
774 2166 979 2219 quandam
1011 2166 1297 2212 confusionem
1329 2181 1469 2213 rerum
1502 2175 1542 2213 et
1571 2169 1683 2224 quod
1717 2174 1811 2223 apta
1839 2167 2059 2222 dispositio
2086 2165 2360 2216 desideretur,
2390 2161 2497 2203 vitu-

372 2243 500 2289 perat.
548 2237 689 2291 Quare
720 2239 931 2282 Platonem
959 2242 1163 2284 existimat
1199 2243 1388 2285 ordinem
1420 2244 1623 2286 orationis
1649 2255 1745 2285 suae
1777 2243 1818 2284 in
1850 2242 2027 2284 exordio
2057 2247 2139 2284 tam
2170 2241 2322 2282 diserte
2350 2248 2400 2278 ac
2430 2236 2498 2276 lu-

370 2309 461 2353 cide
492 2312 762 2364 proposuisse
791 2318 913 2367 atque
944 2314 1155 2368 extulisse,
1193 2327 1275 2369 quo
1306 2327 1422 2359 suam
1453 2316 1655 2359 rationem
1687 2315 1888 2371 Lysianae
1920 2316 1961 2357 in
1993 2315 2070 2356 bac
2101 2318 2217 2368 parte
2248 2314 2497 2365 opponeret,

370 2392 546 2437 eumque
573 2395 655 2427 non
688 2387 893 2439 expressis
924 2387 1091 2442 quidem
1122 2386 1258 2432 verbis
1281 2389 1353 2433 sed
1384 2401 1428 2433 re
1459 2394 1499 2433 et
1528 2390 1719 2443 exemplo
1750 2388 2077 2442 reprehenderet
2105 2392 2228 2441 atque
2251 2385 2495 2435 corrigeret.

371 2454 667 2500 Confusionem
699 2465 834 2501 autem
865 2461 976 2512 apud
1008 2461 1155 2515 Lysian
1186 2475 1273 2505 esse
1304 2469 1474 2516 tantam,
1504 2464 1920 2516 distributionemque
1951 2468 2034 2504 tam
2066 2460 2344 2511 temerariam,
2376 2463 2418 2499 ut
2455 2457 2493 2498 in

369 2541 459 2572 eam
492 2530 619 2584 idem,
650 2532 762 2585 quod
795 2532 835 2575 in
870 2532 1058 2576 Phaedro
1091 2535 1131 2577 in
1163 2536 1233 2578 illa
1256 2536 1307 2578 de
1327 2546 1471 2579 amore
1492 2537 1680 2579 oratione
1702 2537 1978 2589 philosophus
1997 2536 2217 2587 vituperet,
2245 2533 2334 2574 iure
2359 2536 2495 2572 trans-

371 2602 539 2646 feratur.
603 2603 700 2658 Quo
733 2606 900 2660 quidem
932 2608 1105 2661 iudicio,
1146 2608 1179 2651 si
1219 2609 1318 2663 quid
1350 2621 1427 2660 ego
1460 2609 1596 2662 video,
1633 2609 1735 2652 nibil
1767 2610 1940 2660 cogitari
1972 2613 2108 2661 potest
2138 2607 2279 2649 levius.
2339 2605 2494 2647 Verum

370 2687 495 2729 quum
526 2689 572 2719 ea
606 2679 790 2730 quaestio
822 2680 874 2723 ad
907 2681 1148 2724 interiorem
1181 2687 1220 2725 et
1249 2684 1549 2725 accuratiorem
1583 2683 1780 2738 Lysianae
1812 2683 2014 2725 orationis
2049 2681 2364 2732 intelligentiam
2396 2689 2496 2730 per-

370 2749 510 2802 tineat,
541 2752 752 2802 paululum
785 2754 1103 2804 digrediendum
1133 2756 1255 2797 nobis
1276 2757 1357 2797 erit
1375 2762 1498 2810 atque
1519 2757 1627 2798 ordo
1650 2757 1761 2797 illius
1782 2756 1833 2797 de
1855 2767 1962 2797 novo
1986 2754 2313 2807 pertractandus.
2354 2750 2495 2803 Quare

369 2822 549 2874 primum
590 2828 716 2867 totam
754 2825 1093 2870 distributionem
1134 2840 1182 2871 ac
1224 2828 1542 2883 dispositionem
1584 2840 1894 2886 proponamus3
1950 2829 2023 2872 sed
2064 2839 2146 2871 non
2190 2826 2323 2880 qualis
2359 2824 2496 2866 adbuc

368 2896 451 2939 sive
489 2897 682 2950 cupidius
713 2900 796 2942 sive
827 2901 955 2943 levius
985 2902 1194 2944 exhibitus
1225 2908 1300 2957 est,
1338 2904 1410 2946 sed
1441 2905 1767 2947 emendatiorem
1796 2915 1846 2947 ac
1876 2905 2107 2956 pleniorem
2138 2911 2323 2955 quaeque
2353 2909 2497 2940 omnes

369 2975 507 3021 partes
536 2983 761 3025 earumque
792 2985 939 3015 nexum
972 2981 1010 3016 et
1040 2977 1393 3019 continuationem
1426 2980 1738 3031 complectatur.
1790 2979 1935 3033 Lysiae
1967 2978 2101 3019 oratio
2133 2976 2284 3026 omnis,
2314 2974 2348 3015 si
2370 2984 2497 3014 exor-

369 3044 484 3086 dium
515 3046 713 3100 excipiaS,
752 3049 971 3092 commode
1003 3050 1044 3091 in
1077 3051 1179 3093 duas
1207 3053 1269 3094 vel
1301 3053 1342 3094 in
1373 3058 1456 3095 tres
1487 3054 1686 3096 dividitur
1716 3059 1867 3107 partes.
1930 3053 2039 3094 Duas
2068 3051 2102 3091 si
2134 3049 2309 3091 tacimus
2344 3052 2497 3099 partes,

367 3118 494 3160 altera
527 3126 567 3160 et
596 3122 730 3162 maior
759 3123 925 3177 quidem
958 3125 1141 3166 continet
1172 3127 1336 3168 laudem
1368 3135 1406 3169 et
1437 3130 1737 3182 expositionem
1769 3142 1908 3169 rerum
1938 3129 1990 3169 ab
2024 3124 2341 3167 Atheniensibus
2372 3132 2496 3173 prae

368 3193 454 3234 lare
485 3200 709 3249 gestarum,
735 3198 862 3239 altera
895 3200 1205 3243 conclusionem
1237 3215 1285 3244 ac
1317 3204 1439 3244 finem
1471 3204 1522 3245 de
1554 3210 1685 3245 morte
1717 3204 1885 3244 illorum
1913 3202 2080 3253 civium,
2110 3200 2179 3252 qui
2209 3197 2320 3249 apud
2344 3194 2495 3237 Corin-

2045 3276 2099 3319 1*
