2882 3633
1202 141 1708 186 &flant-*⁴-

394 258 466 301 tim
487 257 804 309 tra-meditor.
847 257 991 311 Neque
1009 261 1150 305 tamen
1168 255 1359 315 ordinem
1381 254 1590 304 orationis
1616 265 1715 297 suae
1736 255 1778 296 in
1801 254 1977 297 exordio
2006 248 2093 298 non
2122 256 2388 307 significavit:
2419 258 2521 300 dicit

392 331 583 385 animae
603 331 904 383 ‹le-praeclaris
920 330 1047 373 rebus
1062 328 1442 385 gestisrdiuwrum3
1458 327 1610 371 deinde
1630 328 1785 381 pergit,
1804 329 1986 381 primum
2007 340 2051 371 se
2070 329 2122 372 de
2142 331 2310 373 vetustis
2327 343 2378 374 ac
2395 330 2520 375 tabu-

392 405 495 449 losis
523 398 746 448 dicturum.
789 404 925 456 Igitur
944 404 1088 459 Lysias
1110 404 1158 447 ‘in
1188 403 1364 447 exordio
1396 403 1500 445 duas
1530 403 1732 455 proponit
1761 402 1965 444 orationis
1994 409 2148 456 partes,
2176 406 2348 447 alteram
2379 417 2519 449 rerum

392 482 660 531 vetustarum,
678 478 851 523 alteram
867 477 1166 530 recentiorum,
1182 483 1306 530 quem
1327 475 1497 530 quidem
1519 475 1710 519 ordinem
1732 475 1856 519 etiam
1872 476 2007 529 probe
2026 477 2201 520 servavit
2221 478 2397 533 illasque
2417 480 2520 523 duas

388 556 529 605 partes
556 556 652 605 apta
682 550 1173 603 digressionedistinuit.
1212 549 1361 604 'ltaque
1389 560 1466 592 nec
1496 543 1831 603 dispositionem,
1861 560 1994 603 neque
2025 560 2123 592 vero
2156 552 2269 605 quod
2301 552 2421 596 initio
2445 564 2520 597 or-

390 625 530 669 dinem
552 636 693 668 rerum
723 613 1049 679 tractandarum,
1076 635 1199 679 quem
1228 629 1443 667 secuturus
1473 629 1594 677 esset,
1622 635 1706 666 nou
1736 628 1930 665 accurate
1951 624 2206 678 praefixerit,
2234 625 2351 668 Plato
2382 628 2520 679 potnit

389 699 624 751 vituperare
652 705 724 742 aut
751 701 894 743 voluit.
955 699 1205 753 Quanquam
1234 698 1339 741 illud
1370 709 1479 739 nunc
1509 707 1593 739 non
1624 698 1854 750 quaeritur,
1887 697 1987 750 quid
2019 696 2135 739 Plato
2170 698 2311 741 dicere
2340 704 2414 742 ant
2443 711 2521 743 vo·

390 773 514 815 luerit
543 778 614 814 aut
643 774 848 826 potuerit,
880 773 956 815 sed
983 773 1027 815 iu
1056 784 1106 815 eo
1137 771 1275 814 omnis
1303 771 1490 825 quaestio
1520 775 1730 824 versatur,
1761 770 1861 824 quid
1892 781 1987 812 vere
2017 770 2170 813 dixerit
2198 777 2269 814 aut
2299 773 2519 817 manifesto

387 846 695 898 significaverit,
723 847 837 899 quod
869 846 1036 899 quidem
1066 846 1119 888 ad
1150 845 1312 899 Lysiam
1345 845 1565 898 pertineat.
1627 845 1735 886 illud
1764 845 1964 897 adiungo,
1994 856 2127 898 neque
2150 846 2377 890 Pericleam
2407 849 2518 900 apud

388 919 676 973 Thucydidem
720 919 914 962 eximiam
960 919 1223 971 orationem,
1265 930 1371 972 quae
1403 917 1659 970 Platonicam
1705 922 1746 959 et
1774 918 1969 963 varietate
1999 922 2040 960 et
2070 919 2191 971 copia
2222 930 2364 962 rerum
2396 920 2520 972 longe

387 997 575 1046 superat,
616 996 731 1048 certe
757 997 927 1046 aequat,
969 992 1066 1035 licet
1111 991 1153 1034 in
1196 990 1346 1035 eodem
1376 1002 1512 1044 prope
1542 1002 1626 1045 quo
1658 990 1860 1044 Platonis,
1902 991 1938 1033 si
1968 996 2128 1045 partem
2160 992 2211 1035 de
2238 993 2367 1036 rebus
2394 994 2521 1046 gestis

389 1064 702 1108 Atheniensium
730 1066 934 1118 excipias,
976 1070 1221 1116 argumento
1253 1069 1453 1117 versetur,
1483 1064 1565 1106 tale
1596 1065 1841 1118 exordium,
1871 1066 1994 1118 quale
2023 1064 2228 1119 Platonis,
2268 1066 2445 1110 habere:
2477 1075 2519 1111 nt

388 1139 638 1192 vituperatio
669 1137 853 1199 Platonis
881 1139 917 1181 si
948 1137 1031 1182 ulla
1061 1143 1190 1191 esset,
1223 1138 1371 1191 eodem
1402 1143 1444 1181 et
1471 1138 1632 1180 maiore
1662 1138 1753 1180 iure
1782 1138 1835 1180 ad
1865 1138 2153 1193 Thucydidem
2184 1138 2334 1182 referri
2365 1148 2517 1194 posoet.

389 1211 471 1256 Sed
501 1213 545 1255 in
569 1224 620 1254 eo
645 1213 740 1255 loco
772 1212 875 1254 nihil
906 1212 1221 1265 vituperationis
1250 1211 1501 1265 continetur,
1528 1211 1601 1254 sed
1632 1222 1793 1254 merum
1816 1217 1877 1254 est
1896 1212 2104 1264 inventum
2134 1215 2517 1265 grammaticorum.

502 1286 662 1345 Lysiae·
678 1285 1022 1337 vituperationem
1052 1285 1175 1327 etiam
1202 1294 1262 1326 eo·
1287 1285 1491 1326 contineri
1512 1291 1759 1327 censuerunt
1781 1286 1894 1339 quod
1916 1285 2032 1327 Plato
2051 1297 2119 1327 res
2135 1292 2271 1336 gestas
2290 1285 2519 1331 Athenien—

386 1361 493 1403 sium
525 1359 690 1402 brevius
718 1363 841 1412 atque
871 1358 1210 1412 compendiosius
1239 1358 1497 1412 tractaverit,
1540 1359 1594 1401 ab
1625 1358 1745 1413 Lysia
1787 1359 1980 1412 pluribus
2010 1364 2050 1402 et
2079 1360 2250 1403 uberius
2277 1362 2516 1415 explicatas.

387 1435 543 1479 Verum
584 1444 682 1476 num
713 1433 880 1484 longius
907 1438 979 1475 aut
1008 1432 1174 1475 brevius
1204 1433 1245 1474 in
1276 1433 1402 1475 rebus
1434 1432 1561 1484 gestis
1595 1432 1737 1487 Lysias
1782 1433 2041 1486 exponendis
2087 1439 2269 1477 versatus
2313 1436 2389 1488 sit,
2434 1448 2517 1479 non

388 1508 670 1562 quaerendum
700 1512 761 1550 est
791 1518 925 1560 neque
959 1518 1057 1549 vero
1092 1507 1294 1559 quaesivit
1322 1506 1454 1549 Plato.
1514 1506 1622 1548 Illud
1662 1507 1782 1549 unice
1825 1507 2108 1559 quaerendum
2146 1519 2195 1548 ac
2233 1509 2519 1561 spectandum,

386 1593 438 1625 an
468 1581 696 1633 eleganter,
730 1579 920 1633 copiose,
953 1585 1115 1633 ornate,
1156 1585 1252 1633 apte
1282 1579 1342 1623 illi
1374 1579 1573 1633 tempori,
1617 1580 1701 1623 illis
1730 1581 1984 1633 hominibus,
2028 1580 2089 1622 illi
2120 1580 2234 1633 loco,
2273 1582 2445 1624 omnino
2477 1587 2520 1624 ut

388 1656 500 1699 bono
532 1654 703 1705 dignum
733 1666 782 1696 ac
814 1653 1013 1697 decorum
1043 1654 1203 1697 oratori
1234 1658 1349 1707 erat,
1392 1653 1444 1697 de
1474 1653 1526 1696 iis
1554 1654 1607 1696 sit
1634 1654 1822 1706 locutus,
1867 1654 1979 1707 quod
2012 1654 2105 1707 quis
2132 1659 2215 1706 est,
2258 1655 2330 1708 qui
2366 1667 2518 1706 negare

386 1728 550 1770 audeat.
611 1726 738 1779 Quod
768 1732 914 1769 autem.
936 1727 1052 1770 Plato
1085 1727 1252 1769 brevior
1283 1728 1324 1769 in
1370 1726 1518 1768 iisdem
1562 1727 1689 1769 rebus
1729 1727 1950 1768 narrandis
1981 1725 2075 1779 fuit,
2119 1739 2243 1780 quam
2280 1728 2440 1782 Lysias,
2480 1735 2520 1771 et

385 1800 517 1852 magis
547 1804 713 1843 eventus
741 1811 884 1843 earum
915 1800 1077 1853 extulit,
1106 1799 1207 1842 fecit
1235 1799 1348 1854 quod
1379 1799 1556 1853 oratori,
1583 1799 1656 1853 qui
1689 1804 1772 1843 tam
1803 1800 1930 1843 multa
1962 1805 2130 1853 tamque
2160 1801 2273 1843 varia
2300 1814 2382 1844 una
2402 1813 2520 1844 com-

385 1873 510 1927 plecti
539 1874 730 1916 oratione
773 1874 916 1927 vellet,
959 1872 1195 1918 faciendum
1239 1878 1342 1916 erat.
1414 1871 1470 1915 At
1508 1874 1719 1924 eleganter
1760 1885 1927 1927 quoque
1965 1872 2133 1927 Lysias,
2178 1886 2272 1916 cum
2317 1876 2517 1928 pauciora

386 1951 562 1990 tractare
598 1946 839 1989 instituisset
874 1947 1190 2000 orationemque
1228 1957 1346 1988 suam
1375 1945 1464 1988 fere
1495 1946 1602 1988 intra
1633 1945 1746 1988 illam
1777 1958 1918 1989 rerum
1949 1946 2320 1990 illustrissimarnm
2351 1948 2520 2000 exposi-

388 2020 544 2062 tionem
575 2020 789 2062 continere
818 2020 962 2072 vellet,
1001 2020 1043 2061 iu
1074 2020 1124 2061 iis
1153 2020 1259 2062 locis
1289 2019 1457 2070 longior
1486 2019 1587 2071 fnit,
1635 2020 1705 2072 qui
1739 2023 1822 2060 tam
1853 2019 2073 2060 fecundam
2105 2021 2264 2060 oratori
2301 2021 2517 2063 materiam

388 2093 636 2145 praeberent
665 2097 826 2145 ornate,
850 2093 1022 2145 copiose
1051 2105 1101 2135 ac
1123 2093 1401 2145 probabiliter
1418 2092 1586 2136 dicendi
1604 2092 1907 2144 civitatemque,
1937 2103 2019 2144 quo
2045 2093 2146 2133 tales
2167 2093 2378 2135 orationes
2398 2095 2518 2136 unice

386 2170 573 2217 spectare
602 2166 825 2218 debebant,
863 2166 1055 2208 ornandi.
1116 2164 1169 2205 At
1214 2158 1297 2206 cur
1326 2164 1442 2206 Plato
1464 2165 1517 2205 -in
1548 2164 1629 2205 hoc
1659 2176 1811 2213 genere
1840 2176 1864 2205 a
1896 2164 2016 2217 Lysia
2047 2169 2262 2216 tantopere
2294 2166 2519 2218 discrepat,

386 2237 593 2290 aliamque
623 2239 826 2280 tractandi
857 2239 962 2282 viam
993 2243 1158 2280 secutus
1185 2237 1274 2279 est?
1309 2238 1451 2279 malim
1482 2237 1643 2289 quaeri,
1679 2248 1754 2278 cur
1786 2237 1957 2277 omnino
1989 2237 2202 2288 scripserit
2233 2237 2381 2280 Plato?
2412 2237 2520 2290 Quis
2601 2255 2604 2257 ’

387 2310 497 2352 enim
529 2322 611 2352 non
643 2311 772 2364 videt,
816 2310 1028 2353 Platonem
1059 2310 1093 2352 si
1127 2314 1223 2363 post
1252 2309 1401 2364 Lysian
1432 2309 1606 2361 probari
1651 2313 1692 2351 et
1737 2308 2143 2352 commendationem
2189 2309 2437 2353 inventionis
2479 2317 2519 2353 et

386 2384 596 2436 novitatis,
624 2386 796 2428 omnino
829 2385 928 2428 boni
959 2384 1156 2437 oratoris,
1197 2383 1374 2436 adipisci
1403 2388 1474 2426 aut
1506 2383 1612 2425 tueri
1643 2383 1779 2435 vellet,
1818 2383 1947 2425 alium
1978 2382 2151 2425 modum
2181 2383 2353 2425 eandem
2383 2390 2518 2426 mate-

387 2459 493 2502 riam
525 2458 728 2503 tractandi
761 2459 944 2501 invenire
972 2458 1222 2511 oportuisse.
1286 2457 1429 2511 ltaque
1460 2468 1553 2499 cum
1584 2456 1637 2499 ab
1668 2456 1813 2510 Lysiae
1844 2457 2006 2499 ratione
2037 2461 2077 2498 et
2108 2457 2196 2509 ipsa
2228 2458 2337 2499 bona
2360 2463 2400 2500 et
2418 2463 2516 2511 apta

387 2533 634 2585 discederet,
662 2544 745 2573 non
778 2537 994 2584 tantopere
1025 2532 1137 2574 illius
1167 2531 1348 2574 oratoris
1376 2530 1615 2573 facundiam
1647 2530 1890 2581 vituperavit
1908 2535 1979 2572 aut
1998 2536 2229 2582 suspectam
2251 2530 2363 2583 tecit,
2392 2543 2516 2584 quam

388 2607 448 2650 vel
482 2606 658 2649 maxime
688 2605 862 2648 servavit
892 2617 1022 2648 suam.

505 2677 669 2733 Quodsi
699 2678 800 2722 haec
824 2678 980 2728 omnia,
1008 2691 1113 2733 quae
1143 2677 1315 2721 omnino
1346 2677 1398 2720 de
1429 2676 1622 2731 exordio,
1652 2676 1703 2719 de
1734 2677 2029 2731 dispositione,
2056 2676 2109 2720 de
2138 2684 2384 2729 argumento
2416 2691 2517 2722 ora-

388 2753 514 2797 tionis
551 2754 720 2807 eiusque
760 2738 1036 2806 explicatione
1078 2753 1120 2797 in
1159 2752 1503 2807 vituperationem
1540 2752 1685 2808 Lysiae
1727 2752 1890 2806 prolata
1928 2757 2039 2806 sunt,
2084 2752 2206 2796 firmo
2248 2752 2515 2796 fundamento

388 2832 530 2871 carent
557 2838 690 2880 neque
721 2825 942 2879 quicquam
972 2826 1203 2880 continent,
1232 2827 1346 2880 quod
1376 2826 1656 2880 suspicionem
1688 2826 1853 2879 babeat,
1882 2826 2066 2869 Platonis
2096 2827 2365 2869 Menexenum
2397 2827 2518 2869 unice

388 2900 441 2943 ad
462 2900 610 2955 Lysian
631 2899 905 2942 cavillandum
933 2903 1057 2953 atque
1086 2899 1402 2953 vituperandum
1432 2904 1646 2957 spectare,
1674 2911 1759 2942 nou
1790 2900 1922 2951 magis
1951 2912 1998 2942 ea
2030 2912 2135 2954 quae
2166 2912 2188 2942 e
2218 2900 2392 2951 singulis
2420 2912 2518 2944 sen-

389 2975 527 3017 tentiis
568 2986 617 3017 ac
661 2973 915 3016 dictionibus
945 2974 1118 3028 repetita
1151 2979 1246 3017 sunt
1274 2978 1514 3027 argumenta
1545 2974 1729 3034 probare
1761 2966 1860 3017 eam>
1880 2979 2003 3029 atque
2035 2973 2283 3017 confirmare
2312 2974 2515 3018 videntur.

390 3047 525 3103 Atque
555 3048 626 3090 illa
657 3059 848 3102 quoque,
877 3058 982 3101 quae
1012 3047 1181 3102 quidem
1209 3048 1404 3100 graviora
1433 3052 1550 3101 sunt,
1584 3048 1726 3101 paullo
1758 3047 1997 3099 diligentius
2027 3053 2412 3101 spectemusatque
2443 3059 2517 3091 ex-

391 3122 606 3165 cutiamus.

506 3194 550 3238 P.
573 3195 660 3241 238
685 3193 731 3238 C.
754 3195 829 3239 Ed.
855 3194 904 3238 Η.
937 3194 997 3240 St.
1030 3195 1146 3240 Plato
1178 3195 1353 3240 civitatis
1383 3194 1695 3241 Atheniensium
1727 3196 1989 3250 disciplinam
2022 3195 2231 3239 collaudat
2261 3195 2327 3238 his
2359 3196 2514 3238 verbis:

1126 3287 1142 3310 Ι
