2882 3633
355 784 535 868 auae
573 783 735 873 ratic
774 783 938 862 inter
963 782 1244 861 Platonis
1272 782 1680 860 Menexennm
1708 785 1773 859 et
1801 781 2037 877 Lysiae
2065 781 2474 859 laudationem

936 907 1074 985 sive
1111 906 1482 1003 epitaphium
1517 906 1891 989 intercedat,

1156 1101 1677 1192 Disputatio.

1347 1275 1487 1320 scam

1032 1410 1254 1468 maus
1306 1411 1590 1474 Loere,
1651 1410 1797 1466 Dr.

464 1768 586 1839 Est
616 1798 718 1839 haec
747 1799 972 1840 multorum
1003 1799 1189 1841 virorum
1227 1800 1471 1853 doctorum,
1508 1800 1580 1853 qui
1615 1800 1770 1841 nostris
1800 1799 2063 1851 temporibus
2091 1798 2143 1841 de
2172 1797 2368 1841 Platonis·
2387 1797 2477 1839 Me-

348 1875 496 1917 nexeni
524 1876 683 1917 ratione
714 1881 836 1930 atque
869 1876 1045 1917 consilio
1078 1876 1361 1928 disputarunt,
1390 1877 1560 1928 opinio,
1589 1877 1698 1916 hunc
1731 1875 1917 1916 libellum
1947 1888 2033 1916 non
2064 1876 2262 1927 omnino,
2300 1879 2344 1916 ut
2374 1875 2474 1916 olim

347 1948 470 1999 vulgo
513 1948 848 2002 existimabatur,
888 1953 1033 1989 contra
1072 1959 1241 2001 pravam
1281 1950 1619 1991 consuetudinem
1657 1955 1872 1989 oratorum
1910 1948 2243 2000 Atheniensium,
2281 1949 2353 2001 qui
2384 1949 2476 1989 lau-

346 2021 536 2064 dationes
564 2032 690 2075 super
720 2013 850 2064 caesis
881 2021 923 2064 in
955 2022 1065 2064 bello
1096 2026 1136 2064 et
1167 2022 1330 2076 proelio
1362 2023 1520 2064 civibus
1546 2024 1735 2075 publicas
1765 2023 1965 2063 haberent
1993 2024 2055 2063 vel
2086 2024 2262 2075 scriptas
2292 2022 2477 2072 ederent,

345 2094 418 2135 sed
449 2099 592 2135 contra
625 2106 773 2147 unum,
814 2095 884 2148 qui
915 2095 1041 2136 hodie
1072 2101 1223 2147 exstat,
1252 2096 1510 2147 epitaphium
1541 2096 1711 2148 Lysiae,
1741 2097 2007 2135 illustrissimi
2039 2097 2240 2147 oratoris,
2274 2096 2475 2146 scriptum

345 2171 471 2221 atque
502 2179 744 2208 conversum
782 2180 883 2210 esse.
946 2168 1015 2210 Sic
1057 2168 1166 2210 enim
1208 2173 1388 2210 statuunt
1423 2181 1472 2210 ac
1511 2168 1717 2220 iudicant,
1758 2167 1998 2220 Platonem,
2040 2166 2391 2221 quemadmodum
2433 2166 2474 2208 in

346 2240 536 2283 Phaedro
568 2252 643 2283 suo
677 2241 875 2295 Lysianae
904 2243 989 2284 sive
1020 2243 1225 2284 orationis
1254 2243 1338 2284 sive
1362 2243 1657 2296 disputationis
1686 2243 1770 2284 sive
1801 2243 2002 2295 epistolae
2032 2243 2226 2284 acerbam
2259 2251 2475 2283 censuram

345 2314 530 2367 fecisset,
568 2320 781 2368 artemque
820 2328 868 2356 ac
909 2316 1227 2368 dispositionem
1271 2322 1310 2357 et
1350 2316 1517 2358 dicendi
1558 2329 1688 2367 genus
1722 2317 1984 2358 vehementer
2024 2316 2380 2368 reprehendisset,
2423 2326 2472 2356 ac

344 2387 447 2429 duas
477 2400 603 2429 novas
632 2389 893 2440 copiosiores
923 2389 1227 2444 artificioseque
1259 2391 1513 2442 compositas
1543 2395 1583 2432 et
1611 2390 1839 2431 adornatas
1868 2401 1916 2431 ac
1946 2389 2239 2441 philosophiae
2267 2399 2474 2440 praecep-

345 2462 398 2502 tis
427 2462 574 2502 tinctas
612 2463 823 2503 orationes
860 2463 1145 2514 opposuisset:
1186 2464 1246 2506 sic
1278 2465 1319 2505 in
1350 2464 1578 2506 Menexeno
1616 2462 1801 2505 eiusdem
1841 2462 2022 2505 oratoris
2057 2461 2313 2514 epitaphium
2350 2471 2473 2503 acer-

342 2535 447 2576 rime
489 2535 781 2586 perstrinxisse
819 2546 1074 2589 pravumque
1112 2537 1223 2578 illius
1253 2537 1473 2579 consilium
1505 2537 1684 2589 vitiaque
1724 2536 1891 2578 dicendi
1931 2534 2172 2588 patefecisse
2208 2539 2331 2587 atque
2361 2534 2472 2575 vitn-

341 2618 522 2659 perasse.
586 2606 704 2660 Quae
745 2608 912 2661 quidem
951 2609 1148 2650 sententia
1190 2609 1303 2661 apud
1331 2621 1409 2650 nos
1438 2623 1461 2651 a
1493 2609 1735 2651 Wielandio
1767 2610 1809 2650 in
1842 2609 1983 2650 Museo
2015 2607 2154 2649 Attico
2187 2613 2227 2648 et
2259 2606 2471 2649 Schleier-

340 2680 536 2722 macbero
583 2681 625 2721 in
668 2681 1007 2733 interpretatione
1048 2693 1121 2723 sua
1165 2682 1349 2724 Platonis
1395 2694 1570 2735 operum
1612 2680 1858 2724 Germanica
1899 2681 2074 2734 aliisque
2117 2681 2254 2723 obiter
2296 2681 2401 2723 iacta
2432 2685 2471 2722 et

340 2754 548 2796 enuntiata
578 2760 647 2796 aut
678 2756 820 2798 leviter
849 2756 1024 2808 probata
1055 2756 1266 2798 nonnullis
1295 2749 1447 2798 ab'hinc
1476 2757 1595 2797 annis
1626 2756 1844 2808 copiosum
1876 2767 1972 2797 sane
2002 2760 2121 2797 nacta
2154 2760 2213 2797 est
2243 2758 2469 2805 oratorem,

340 2825 386 2870 C.
419 2825 797 2882 Schoenbornium,
828 2831 897 2884 qui
930 2831 1132 2883 peculiari
1162 2830 1306 2872 libello
1339 2830 1411 2883 qui
1442 2831 1706 2872 inscribitur:
1742 2829 1868 2872 Uebcr
1897 2830 1974 2871 das
2008 2828 2261 2874 Ver-hannis&
2294 2830 2338 2869 in
2365 2827 2467 2869 wel-

337 2900 451 2944 chem
481 2900 660 2944 Platon's
680 2901 927 2946 Menexenus
952 2917 1006 2947 zu
1036 2905 1126 2946 dem
1149 2904 1389 2958 Epitaphius
1417 2905 1488 2945 des
1509 2904 1656 2956 Lysias
1683 2904 1803 2955 steht,
1836 2916 1925 2946 eam
1952 2904 2116 2955 planius
2146 2902 2355 2954 explicare
2387 2913 2467 2943 no-

336 2976 478 3029 visque
509 2977 762 3026 argumentis
791 2977 939 3020 fulcire
968 2984 1091 3032 atque
1121 2978 1368 3020 confirmare
1409 2983 1582 3020 conatus
1619 2983 1693 3021 est.
1754 2977 1859 3019 Huic
1891 2983 1930 3019 et
1961 2977 2003 3019 in
2033 2981 2119 3018 toto
2152 2981 2191 3017 et
2222 2977 2262 3017 in
2294 2975 2468 3025 singulis

336 3049 526 3103 partibus
555 3050 775 3092 assentitur
804 3051 950 3094 doctus
971 3052 1157 3095 Platonis
1186 3051 1400 3094 doctrinae
1430 3057 1471 3093 et
1499 3052 1601 3093 artis
1630 3053 1916 3105 orationisque
1948 3050 2058 3103 apud
2082 3048 2314 3091 Germanos
2343 3049 2465 3090 inda-

335 3127 456 3173 gator
475 3128 514 3165 et
534 3123 755 3178 interpres,
784 3123 834 3168 G.
859 3124 1105 3180 Stalibaum,
1134 3127 1176 3168 in
1208 3137 1380 3168 censura
1411 3137 1485 3167 sua
1515 3125 1626 3167 illius
1657 3126 1950 3179 disputationis
1969 3123 2298 3167 Schoenbornii:
2329 3135 2464 3176 quan-

336 3207 459 3248 quam
491 3197 600 3239 idem
632 3199 672 3240 in
705 3199 1015 3251 prolegomenis
1045 3200 1241 3243 editionis
1270 3211 1368 3242 suae
1389 3199 1572 3241 Platonis
1595 3200 1649 3241 ita
1673 3200 1724 3240 de
1747 3200 1823 3241 hac
1846 3212 1891 3240 re
1914 3198 2153 3250 disputavit,
2183 3203 2226 3239 ut
2246 3197 2461 3238 Platonem

2039 3273 2057 3315 1
