2882 3633
1194 122 1690 166 &nevam-⁴*

381 238 467 280 sica
499 238 646 286 bella.)
689 241 716 286 s
745 237 929 282 44—47.
992 236 1134 291 Quum
1153 236 1403 290 ,posteriore
1439 241 1628 288 tempore
1663 236 1941 279 aemulatione
1972 240 2013 278 et
2043 235 2196 278 invidia
2229 236 2269 278 in
2301 236 2503 279 civitatem

384 309 694 353 Atheniensium
731 310 888 353 bellum
919 309 1026 352 inter
1045 308 1242 354 ,Graecos
1270 310 1385 361 ipsos
1413 314 1666 351 commotum
1697 314 1826 361 esset,
1865 309 2052 355 (scilicet
2087 320 2177 351 eam
2208 314 2369 361 partem
2400 310 2506 352 inter

382 383 547 427 Persica
579 383 688 426 bella
718 388 758 426 et
787 382 1135 435 Peloponnesium
1165 382 1311 436 deligit
1340 386 1501 434 orator,
1529 381 1571 423 in
1603 393 1682 435 qua
1703 380 2013 425 Atheniensium
2043 382 2172 424 virtus
2201 393 2249 424 ac
2279 383 2411 425 robur
2441 382 2505 424 ci-

382 458 518 500 vitatis
545 456 863 510 spendidissime
894 457 1062 509 eluxit),
1091 456 1238 499 eodem
1270 461 1458 508 tempore
1489 453 1592 497 fusis
1619 466 1758 508 pugna
1789 456 1921 498 navali
1953 453 2162 506 Aeginetis
2192 453 2392 506 Aeginam
2423 468 2505 508 op-

382 537 619 585 pugnarunt
647 536 687 574 et
715 531 758 573 in
787 528 976 591 Aegypto
1007 531 1243 583 bellarunt,⁴
1265 535 1306 573 et
1335 527 1594 584 Corinthios,
1638 542 1765 585 quum
1796 542 1868 573 eos
1897 530 1991 573 aliis
2019 530 2140 572 bellis
2168 535 2395 582 occupatos
2423 541 2504 582 pu-

379 611 513 648 tarent
542 599 588 647 et'
612 606 688 647 hac
718 606 939 648 occasione
969 611 1126 648 utentes
1149 617 1227 647 eos
1257 604 1512 657 invasissent,
1546 605 1765 657 splendida
1804 605 1976 647 victoria
2012 610 2273 656 superarunt.
2330 608 2354 653 §
2390 604 2502 649 48—

382 672 452 726 53.
493 680 607 729 (Jam
646 691 773 734 quum
813 680 986 722 historia
1025 677 1336 733 Atheniensium
1374 679 1550 721 civitatis
1577 693 1601 721 a
1631 691 1769 732 pugna
1806 679 1877 722 illa
1910 691 2003 721 cum
2035 676 2264 721 Corinthiis
2294 691 2423 732 usque
2451 680 2503 721 ad

383 754 732 814 Peloponnesium
764 754 918 796 bellum
938 755 1098 805 singula
1120 754 1227 797 facta
1248 766 1353 808 quae
1375 754 1583 806 imprimis
1602 753 1891 795 memorabilia
1916 759 2064 806 essent,
2091 766 2178 795 non
2201 754 2388 806 haberet,
2417 754 2505 795 ele-

380 833 526 878 ganter
543 839 739 870 conversa
762 829 963 872 oratione-
971 827 1140 879 pergit).
1186 828 1280 869 Non
1302 838 1471 879 possum
1492 827 1632 869 omnia
1652 827 1813 877 singula
1837 839 2024 880 narrare,
2054 833 2204 880 quanta
2227 839 2320 868 cum
2341 829 2505 880 virtute,

381 912 429 943 ac
449 901 658 953 probitate
678 901 956 953 principatum
973 901 1194 953 tenuerint,
1213 901 1388 943 aliarum
1411 900 1634 942 civitatium
1658 901 1747 942 iura
1768 900 2051 952 sustinuerint,
2073 900 2153 952 ipsi
2173 911 2288 942 suam
2305 901 2511 953 auxerint,

382 974 587 1017 barbaros
614 987 638 1017 a
670 971 844 1017 Graecia
875 973 1139 1027 propuleriut
1168 975 1305 1029 itaque
1343 974 1579 1027 principatu
1617 985 1705 1016 sese
1741 974 1892 1025 dignos
1928 979 1968 1015 et
2001 973 2177 1016 idoneos
2210 975 2507 1027 praestiterint.

381 1050 606 1095 §54—57.
654 1048 795 1095 (Nunc
825 1048 878 1090 ad
910 1048 1008 1092 belli
1031 1048 1322 1100 Peloponnesii
1354 1048 1561 1090 infelicem
1593 1048 1746 1090 exitum
1767 1048 1879 1090 etad
1902 1047 2153 1101 Thrasybuli
2183 1049 2323 1090 nobile
2354 1048 2507 1090 factum

381 1126 476 1173 apte
506 1120 740 1163 transiliens
768 1121 956 1172 pergit.)
986 1119 1146 1177 Quid?
1178 1122 1291 1174 quod
1322 1126 1362 1163 et
1392 1121 1434 1163 in
1463 1121 1649 1164 adversis
1677 1121 1802 1163 rebus
1832 1126 1872 1163 et
1902 1120 2078 1164 civitatis
2101 1121 2403 1163 calamitatibus
2421 1121 2509 1162 vir-

382 1199 505 1237 tutem
536 1204 651 1237 suam
684 1193 966 1237 ostenderunt.
1026 1195 1130 1238 Nam
1161 1199 1256 1248 post
1286 1194 1399 1237 illam
1430 1193 1590 1237 cladem
1621 1193 1674 1237 ad
1704 1193 1842 1246 Aegos
1870 1192 2023 1238 flumen
2055 1194 2169 1238 brevi
2201 1194 2350 1238 iterum
2382 1195 2510 1238 exsti-

366 1266 519 1310 ¹terunt
547 1268 818 1320 sospitatores
848 1266 1061 1322 Graeciae.
1108 1270 1212 1312 Nam
1244 1281 1336 1311 cum
1358 1269 1575 1311 Persarum
1597 1274 1781 1321 potestas
1812 1270 1854 1311 in
1886 1270 2114 1322 perniciem
2136 1267 2394 1312 Graecorum
2415 1281 2511 1311 cre-

381 1347 534 1398 sceret3
564 1343 625 1384 illi
658 1344 936 1386 immortalem
966 1344 1144 1394 gloriam
1175 1344 1316 1396 adepti
1346 1349 1462 1396 sunt,
1500 1344 1570 1397 qui
1602 1343 1644 1385 in
1675 1342 1823 1385 Piraeo
1854 1342 2020 1386 fortiter
2060 1349 2207 1386 contra
2239 1355 2513 1397 oppressores

380 1415 538 1468 patriae
568 1421 804 1468 pugnarunt
833 1421 872 1457 et
903 1428 1045 1459 muros
1075 1422 1115 1459 et
1143 1418 1378 1459 libertatem
1408 1417 1497 1458 sine
1528 1417 1642 1457 omni
1674 1417 1830 1457 ultione
1861 1422 1900 1458 et
1933 1418 1994 1458 ira
2025 1418 2066 1458 in
2097 1418 2357 1460 adversarios
2385 1419 2511 1459 resti-

381 1494 558 1531 tuerunt.
600 1493 624 1538 §
654 1491 839 1534 61—65.
883 1491 928 1532 ln
961 1503 1043 1544 quo
1076 1492 1187 1533 bello
1219 1492 1341 1533 etiam
1372 1490 1582 1543 peregrini
1615 1495 1654 1531 et
1681 1490 1866 1542 hospites
1897 1502 1990 1532 cum
2023 1491 2240 1532 nobiscum
2264 1502 2342 1543 pro
2365 1492 2510 1534 eadem

381 1564 485 1605 iusta
518 1575 659 1605 caussa
690 1570 920 1615 pugnantes
949 1565 1190 1617 ceciderint,
1219 1565 1335 1614 digni
1366 1570 1459 1605 sunt
1490 1564 1561 1617 qui
1592 1575 1685 1605 cum
1716 1565 1837 1606 laude
1869 1571 2261 1609 commemorenter.
2319 1569 2343 1612 §
2374 1565 2443 1609 66.

499 1635 545 1679 C.
608 1636 693 1690 Qui
724 1643 859 1679 autem
890 1650 998 1680 nunc
1028 1637 1302 1692 sepeliuntur,
1334 1636 1562 1679 Corinthiis
1590 1637 1793 1689 auxiliati,
1822 1637 1933 1689 apud
1967 1638 2179 1680 universos
2205 1639 2396 1681 homines
2425 1639 2512 1680 vir-

381 1712 479 1753 tutis
516 1712 681 1753 laudem
719 1712 995 1754 immortalem
1032 1713 1172 1765 adepti
1208 1717 1318 1764 sunt,
1358 1723 1485 1765 quum
1524 1721 1603 1763 pro
1645 1712 1835 1752 libertate
1876 1712 2064 1763 ipsorum
2096 1713 2274 1754 hostium
2305 1724 2354 1754 ac
2385 1713 2511 1753 totius

383 1782 582 1827 Graeciae
613 1785 895 1835 magnitudine
926 1784 1090 1827 fortiter
1120 1790 1350 1838 pugnantes
1379 1784 1617 1826 ceciderint.
1650 1788 1674 1832 §
1703 1785 1772 1828 67.
1804 1784 1873 1828 68.
1914 1785 2055 1839 ltaque
2086 1786 2218 1827 exitus
2247 1797 2396 1828 eorum
2415 1786 2511 1838 glo-

382 1858 519 1900 riosus
548 1863 588 1901 et
617 1858 863 1900 invidendus
892 1864 974 1901 est:
1020 1870 1115 1902 nam
1155 1859 1302 1901 virtute
1331 1870 1404 1900 sua
1437 1858 1595 1910 patriae
1626 1859 1853 1900 multorum
1885 1859 2094 1900 bonorum
2124 1865 2316 1902 auctores
2347 1860 2513 1902 fuerunt

382 1936 422 1974 et
450 1931 563 1984 apud
593 1932 834 1983 superstites
863 1932 1013 1974 iustum
1042 1944 1091 1974 ac
1122 1938 1367 1985 perpetuum
1397 1932 1552 1973 luctum
1582 1943 1632 1973 ac
1663 1932 1916 1974 desiderium
1947 1933 2011 1973 sui
2042 1933 2312 1985 reliquerunt.
2354 1936 2378 1981 §
2399 1932 2510 1976 69-

383 2007 452 2049 74.
499 2003 641 2057 Quare
671 2005 822 2046 iustum
853 2010 929 2058 est,
960 2005 1065 2047 hanc
1095 2005 1179 2047 illis
1207 2018 1231 2048 a
1262 2005 1397 2057 patria
1426 2005 1605 2055 gratiam
1636 2005 1779 2056 tribui,
1810 2011 1852 2046 ut
1882 2009 2078 2057 parentes
2107 2017 2253 2047 eorum
2286 2006 2446 2047 honore
2473 2010 2514 2047 et

384 2090 483 2121 cura
524 2077 689 2129 habeat,
727 2076 872 2120 liberis
903 2079 955 2120 sit
984 2083 1201 2131 parentum
1233 2078 1327 2121 loco
1359 2083 1399 2121 et
1431 2078 1631 2120 uxoribus
1661 2077 1842 2120 debitam
1874 2082 1914 2120 et
1944 2089 2068 2131 opem
2101 2082 2139 2119 et
2170 2088 2311 2120 curam
2343 2077 2510 2120 tribuat.

383 2157 407 2201 §
438 2154 507 2197 75.
541 2152 610 2196 76.
670 2151 775 2193 Nam
808 2152 921 2205 quod
953 2153 1067 2204 ipsos
1096 2154 1240 2195 attinet
1270 2163 1384 2194 mors
1414 2163 1558 2194 eorum
1591 2152 1762 2193 minime
1794 2151 1970 2202 lugenda
2003 2156 2075 2193 est.
2129 2149 2372 2193 Communis
2402 2151 2512 2193 enim

385 2226 570 2268 co'nditio
603 2230 772 2267 naturae
803 2232 863 2267 est
893 2227 1025 2280 mori3
1069 2231 1111 2267 ut
1140 2226 1279 2277 potius
1307 2225 1450 2267 felices
1463 2225 1751 2288 ‘praedicandi
1783 2226 1880 2277 sint,
1924 2226 2037 2278 quod
2071 2230 2153 2267 tam
2195 2226 2358 2267 beatum
2390 2225 2512 2267 finem

386 2300 618 2341 habuerint.
660 2303 685 2348 §
715 2299 899 2343 77—80.
944 2299 1048 2342 Nam
1081 2299 1328 2341 immortalis
1355 2310 1501 2341 eorum
1533 2299 1752 2351 memoria,
1781 2310 1829 2340 ac
1860 2298 1949 2340 laus
1979 2298 2234 2340 carminibus
2264 2298 2515 2350 celebratur,

383 2385 432 2415 ac
462 2374 671 2425 sepultura
703 2373 979 2422 insigniuntur
1010 2374 1193 2425 publica,
1222 2378 1261 2413 et
1290 2373 1399 2414 ludis
1428 2371 1639 2425 festisque,
1671 2372 2022 2425 quemadmodum
2054 2372 2134 2424 ipsi
2168 2372 2211 2414 di
2244 2372 2514 2423 immortales,

386 2451 586 2489 ornantur
615 2451 655 2488 et
685 2447 959 2489 honorantur.
1019 2452 1044 2497 §
1074 2448 1144 2491 81.

498 2519 661 2573 Quodsi
693 2520 799 2561 hanc
831 2520 1032 2561 orationis
1063 2520 1377 2572 dispositionem
1411 2521 1634 2574 intuemur,
1664 2522 1730 2562 vix
1754 2522 1861 2564 ordo
1885 2533 2024 2564 rerum
2057 2523 2233 2572 cogitari
2255 2532 2377 2573 posse
2398 2521 2515 2562 vide-

384 2600 450 2636 tur
480 2599 520 2635 et
547 2594 686 2646 aptior
714 2605 762 2635 ac
793 2593 1027 2646 simplicior
1058 2597 1098 2634 et
1128 2599 1350 2645 conspectu
1382 2594 1547 2635 facilior
1577 2607 1625 2636 ac
1657 2596 1855 2648 lucidior,
1886 2596 1988 2636 nihil
2019 2607 2102 2636 non
2133 2606 2208 2636 suo
2242 2595 2336 2636 loco
2359 2600 2435 2647 est,
2464 2607 2515 2635 ne

385 2669 505 2710 unica
535 2667 702 2721 quidem
733 2667 949 2719 sententia,
979 2668 1114 2708 nullus
1144 2667 1261 2708 locus
1289 2668 1477 2708 turbatus
1505 2674 1575 2709 aut
1605 2669 1817 2721 confusus,
1845 2670 1982 2710 nullus
2013 2674 2307 2728 praeposterus
2329 2674 2399 2710 aut
2426 2668 2513 2720 ipsa

384 2742 627 2784 tractatione
658 2741 880 2793 perplexus
909 2747 1031 2795 atque
1063 2742 1298 2794 impeditus.
1361 2742 1465 2785 lllud
1507 2743 1708 2795 adiungo,
1753 2744 1867 2796 quod
1909 2754 2032 2784 nemo
2075 2755 2159 2785 non
2193 2743 2318 2795 videt,
2357 2743 2399 2784 in
2431 2748 2515 2783 tota

385 2828 519 2870 prope
560 2815 750 2858 oratioue
792 2815 983 2857 ordinem
1025 2828 1163 2859 rerum
1209 2818 1290 2859 iam
1327 2817 1416 2869 ipsa
1448 2818 1610 2860 ratione
1640 2823 1875 2871 temporum
1909 2819 2060 2872 quibus
2094 2818 2348 2871 acciderant,
2393 2829 2514 2871 quem

386 2896 529 2933 orator
559 2891 676 2944 sequi
706 2890 899 2947 debebat,
928 2890 1053 2933 fuisse
1083 2892 1208 2933 fixum
1238 2903 1287 2934 ac
1316 2897 1524 2934 statutum.
1569 2891 1706 2946 Atque
1738 2894 1831 2935 talis
1864 2904 1956 2934 cum
1989 2893 2123 2934 oratio
2156 2893 2224 2945 sit,
2254 2897 2408 2934 tantam
2428 2904 2515 2934 esse

386 2964 674 3007 confusionem
713 2969 959 3007 censuerunt
994 2970 1115 3019 atque
1146 2966 1502 3018 perturbationem
1534 2978 1694 3020 rerum,
1734 2973 1778 3009 ut
1810 2966 1987 3009 Phaedri
2022 2967 2137 3008 illum
2169 2967 2309 3007 locum
2340 2978 2381 3018 p.
2417 2966 2514 3010 264.

388 3037 437 3080 A.
484 3040 525 3081 iu
563 3050 652 3081 eam
689 3039 836 3081 merito
879 3038 1193 3093 transferretur,
1239 3051 1321 3094 quo
1363 3038 1573 3094 Socrates,
1612 3041 2090 3094 postquam-exordium
2129 3040 2272 3093 Lysiae
2315 3041 2517 3081 orationis

389 3113 440 3154 de
470 3124 614 3154 amore
646 3113 929 3165 reprehendit,
958 3113 1018 3154 sic
1049 3115 1209 3165 pergit:
1257 3114 1374 3166 Quid,
1405 3116 1584 3169 reliquae
1612 3118 1808 3157 orationis
1835 3119 1973 3168 partes
2001 3126 2134 3156 nonne
2161 3119 2308 3156 temere
2336 3115 2517 3156 videntur

386 3189 590 3240 proiectae
619 3188 736 3228 esse?
766 3198 821 3228 an
849 3189 955 3228 ratio
986 3191 1169 3241 apparet,
1201 3200 1275 3230 cur
1302 3189 1409 3242 quod
1428 3189 1603 3231 secundo
1622 3190 1710 3230 loco
1731 3189 1880 3229 dictum
1903 3192 1974 3238 est,
2005 3187 2081 3229 Ιιοι·
2103 3188 2278 3229 secundo
2299 3190 2516 3241 oportuerit
