2882 3633
1170 135 1711 184 *moelem

366 258 461 299 loco
508 257 758 310 pepercisse.
823 255 1018 299 Ceterum
1063 255 1167 317 illud
1214 267 1382 310 quoque
1427 256 1471 300 in
1501 255 1708 299 censendo
1741 267 1792 299 eo
1822 256 1922 299 loco
1950 256 2312 311 spect-iidemu
2362 256 2506 311 Lysiae

366 330 600 374 orationem
631 340 726 374 vere
756 330 940 374 habitam
973 323 1131 373 rece’nti
1161 328 1338 373 civitatis
1367 339 1494 383 super
1525 328 1610 372 illis
1639 329 1770 372 caesis
1800 328 1922 372 luctu
1938 329 2046 383 ipsis
2066 329 2266 382 domatis
2274 327 2508 383 praesenti-

368 405 460 457 bus,
491 409 530 446 et
560 404 759 457 scriptam
790 405 880 447 esse
909 403 963 447 ad
994 402 1224 455 actionem,
1236 403 1350 456 quod
1381 402 1513 457 aiunt,
1542 407 1583 446 et
1601 408 1800 456 pugnam,
1822 412 1932 445 cum
1939 402 2159 446 Platonis
2147 414 2190 449 ιιι
2210 402 2361 490 umbra
2375 401 2507 484 sobo-

368 478 431 520 lae
464 483 505 520 et
535 478 668 529 magis
688 478 932 531 speciminis
963 488 1106 520 caussa
1129 477 1406 542 compositam
1426 488 1514 521 esse
1537 482 1709 521 constet.
2017 487 2022 498 ¹
2075 489 2078 494 ’
2180 488 2184 495 ’
2404 490 2405 494 ’

484 551 577 594 Jam
607 551 659 594 ad
692 552 817 595 tinem
849 550 1143 604 disputationis
1173 553 1346 593 nostrae
1375 551 1653 605 perveni-us,
1683 551 1800 595 cuius
1829 550 1968 594 brevis
1997 554 2157 595 summa
2176 551 2278 596 talis
2302 557 2386 596 est:
2415 560 2510 596 sen-

367 625 537 667 tentiam
577 625 692 667 illam
729 626 917 668 virorum
949 624 1199 677 doctorum,
1241 623 1513 667 Menexenum
1545 623 1730 667 Platonis
1761 628 1907 667 contra
1937 623 2083 679 Lysiae
2115 625 2403 668 laudationem
2425 625 2509 667 sine

367 697 626 750 epitaphium
658 698 861 751 scriptum
893 709 999 751 esse,
1028 696 1193 739 idoneis
1222 696 1395 740 omnino
1428 697 1683 748 argumentis
1710 709 1760 741 ac
1790 696 2094 751 probabilitate
2124 696 2281 741 carere.
2341 697 2509 741 Nullum

368 771 480 824 apud
504 771 717 814 Platonem
751 776 882 815 exstat
912 771 1128 822 vestigium
1159 770 1400 815 huiusmodi
1431 771 1597 816 consilii
1626 776 1698 816 aut
1725 771 1966 826 voluntatis,
1994 774 2129 827 neque
2154 771 2196 815 in
2218 771 2307 826 ipsa
2329 770 2512 818 Platonis

368 845 561 888 oratione
592 851 759 897 praeter
790 857 916 888 unum
948 844 1125 889 fortasse
1155 844 1296 887 locum
1327 845 1577 899 quicquam,
1605 845 1720 900 quod
1751 845 1901 901 Lysian
1930 850 2120 899 spectare
2150 848 2264 890 certo
2296 849 2513 899 appareat,

370 919 605 971 reperitur,
649 932 783 971 neque
830 931 928 961 vero
977 920 1020 960 in
1063 929 1287 970 sermone,
1331 918 1401 971 qui
1447 928 1584 972 prope
1628 924 1741 962 totus
1782 919 1916 962 estin
1947 919 2057 963 vitiis
2087 925 2510 972 oratorumpercen—

368 992 532 1049 sendis3
573 991 650 1034 nisi
697 1002 863 1035 sensum
909 991 1135 1034 verborum
1177 991 1301 1045 plane
1345 991 1598 1047 detorquere
1641 992 1845 1042 volumus.
1904 990 2111 1048 Suspecta
2153 997 2195 1037 et
2234 990 2389 1036 incerta
2419 996 2513 1034 suut

368 1070 629 1118 argumenta,
662 1077 767 1118 quae
798 1076 848 1108 ex
880 1064 1084 1108 orationis
1113 1064 1345 1118 principio,
1375 1077 1426 1108 ex
1456 1065 1623 1119 ordine,
1645 1076 1703 1109 ex
1732 1065 2103 1121 dispositione,'ex
2123 1066 2368 1118 argumento
2394 1065 2513 1107 :eius-

371 1150 453 1193 que
483 1140 749 1192 tractatione,
780 1149 831 1182 ex
860 1137 1119 1190 singularum
1150 1138 1444 1182 sententiarum
1475 1138 1819 1182 similitudinibus
1838 1149 1888 1182 ac
1909 1138 2321 1184 dissimilitudinibus
2339 1138 2514 1192 repetita

366 1224 415 1257 ac
446 1212 665 1267 proposita
696 1216 816 1267 sunt,
844 1222 892 1256 ac
924 1211 1159 1266 compluria
1191 1220 1359 1267 quoque
1390 1212 1530 1255 insunt
1556 1211 1600 1256 in
1630 1210 1816 1256 Platonis
1845 1212 2011 1268 verbis,
2056 1223 2162 1269 quae
2191 1211 2253 1255 illi
2283 1211 2506 1256 sententiae

367 1291 614 1339 repugnant.
676 1284 759 1330 Sed
794 1285 983 1329 Platonis
1021 1286 1188 1329 libellus
1224 1286 1406 1339 scriptus
1444 1296 1532 1329 esse
1571 1286 1734 1329 videtur
1774 1290 1919 1329 contra
1952 1290 2086 1330 totum
2115 1288 2507 1338 genusssotatorum,

367 1359 440 1414 qui
484 1359 562 1403 hac
608 1359 776 1403 dicendi
819 1359 1039 1403 occasione
1086 1363 1230 1402 contra
1274 1363 1453 1403 mentem
1491 1362 1533 1402 et
1563 1359 1802 1402 institutum·
1823 1358 2032 1403 maiorum
2062 1359 2105 1402 in
2135 1359 2355 1402 vanitatem
2384 1357 2505 1400 etad

366 1433 526 1486 populo
570 1432 871 1477 blandiendum
912 1433 1183 1476 abuterentur
1223 1437 1347 1487 atque
1379 1433 1419 1475 in
1452 1443 1502 1476 eo
1534 1432 1672 1477 studio
1704 1442 1831 1486 prava
1861 1443 1934 1476 sua
1964 1434 2139 1478 consilia
2171 1437 2211 1477 et
2240 1431 2407 1475 dicendi
2438 1431 2506 1473 in-

366 1507 508 1560 opiam
539 1507 646 1549 male
679 1506 950 1550 occultarent.
1014 1503 1134 1559 Quae
1164 1510 1302 1548 autem
1334 1510 1396 1548 est
1428 1506 1534 1549 inter
1565 1506 1658 1549 illas
1687 1506 1900 1548 orationes
1929 1504 2172 1556 diversitas,
2202 1512 2250 1545 ea
2280 1501 2504 1555 repetenda

363 1585 488 1634 atque
520 1580 788 1631 intelligenda
819 1585 879 1623 est
910 1580 1047 1622 omnis
1076 1584 1163 1622 tuni
1196 1592 1218 1622 e
1248 1580 1484 1623 diversitate
1516 1580 1670 1631 ingenii
1701 1580 1870 1623 illorum
1902 1580 2088 1622 virorum
2118 1582 2158 1621 et
2185 1577 2409 1619 voluntatis
2438 1575 2506 1617 di-

364 1653 504 1707 cendi,
533 1658 618 1697 tum
651 1665 703 1698 ex
733 1665 802 1708 eo,
833 1654 948 1708 quod
982 1653 1116 1707 Plato,
1147 1658 1191 1696 ut
1222 1659 1317 1707 post
1340 1653 1490 1709 Lysian
1522 1658 1561 1697 et
1591 1658 1653 1696 tot
1676 1652 1783 1697 alios
1803 1657 2058 1707 praestantes
2078 1656 2268 1695 oratores
2287 1649 2505 1693 facundiae

363 1725 516 1769 famam
550 1728 591 1769 in
623 1727 814 1768 oratione
844 1737 917 1770 sua
950 1731 1135 1770 tueretur
1164 1739 1212 1770 ac
1243 1728 1461 1780 probaret,
1489 1727 1603 1770 aliud
1634 1728 1957 1781 circumspicere
1987 1730 2276 1777 argumentum
2299 1724 2506 1776 aliamque

364 1799 466 1842 illud
499 1797 703 1841 tractandi
736 1802 777 1840 et
807 1797 1045 1850 explicandi
1075 1799 1200 1851 viam,
1230 1809 1355 1852 quam
1388 1810 1468 1853 qua
1500 1803 1783 1843 antecessores
1811 1804 1948 1843 essent
1978 1800 2065 1853 usi,
2094 1797 2280 1841 invenire
2310 1796 2502 1839 debebat.

481 1867 675 1913 Ceterum
723 1870 872 1913 miram
915 1870 1169 1924 admodum,
1214 1872 1248 1914 si
1280 1876 1522 1925 reputamus
1560 1873 1720 1926 animo,
1748 1884 1798 1915 ac
1828 1872 2083 1923 singularem
2116 1871 2258 1926 Lysias
2286 1871 2339 1913 ab
2371 1871 2506 1913 doctis

362 1947 559 1994 expertus
588 1947 651 1984 est
682 1943 873 1995 criticen,
902 1954 986 1996 quo
1019 1943 1061 1985 id
1094 1944 1316 1996 probabile
1345 1945 1585 1998 redderent,
1615 1945 1729 1998 quod
1759 1945 1900 1987 animo
1923 1950 2224 1997 conceperant:
2256 1955 2365 1986 nuuc
2395 1944 2504 1985 enim

362 2015 395 2055 si
431 2014 532 2066 quid
563 2014 696 2066 dixit,
737 2014 851 2066 quod
884 2014 995 2055 idem
1027 2015 1132 2055 dixit
1162 2015 1304 2067 Plato,
1343 2017 1443 2057 vitio
1475 2017 1513 2057 ei
1544 2017 1739 2068 vertitur,
1779 2016 1893 2069 quod
1923 2016 2098 2068 dixerit,
2137 2028 2247 2057 nunc
2275 2027 2441 2067 rursus,
2470 2018 2503 2055 si

363 2087 483 2141 quid,
514 2087 628 2141 quod
662 2086 779 2128 Plato
813 2086 952 2140 habet,
983 2099 1066 2127 non
1099 2087 1219 2140 dixit,
1250 2088 1523 2140 vituperatur,
1553 2089 1665 2141 quod
1699 2100 1781 2130 non
1815 2087 1990 2140 dixerit,
2036 2098 2145 2128 nunc
2174 2086 2211 2127 si
2241 2086 2340 2139 quid
2371 2086 2505 2127 simile

362 2161 486 2202 babet
517 2164 588 2202 aut
619 2160 839 2211 dissimile,
869 2171 919 2201 ex
950 2160 1222 2202 similitudine
1253 2173 1303 2202 ac
1333 2161 1672 2203 dissimilitudine
1702 2161 1952 2213 vituperatio
1978 2160 2197 2212 repetitur,
2220 2169 2328 2200 nunc
2347 2159 2504 2211 siquid

363 2234 534 2277 uberius
577 2244 701 2287 quam
745 2232 861 2275 Plato
900 2233 1145 2286 explicavit,
1188 2234 1311 2287 copia
1354 2233 1423 2277 illa
1462 2234 1622 2287 probro
1664 2234 1702 2277 ei
1733 2234 1930 2287 vertitur,
1968 2244 2114 2277 rursus
2143 2232 2177 2276 si
2208 2231 2310 2287 quid
2341 2231 2506 2275 brevius

362 2308 482 2362 dixit,
512 2308 600 2362 ipsa
634 2307 815 2350 brevitas
846 2306 994 2348 vitiosa
1029 2307 1249 2349 iudicatur.
1299 2308 1441 2362 Neque
1474 2307 1577 2350 illud
1610 2308 1709 2350 satis
1729 2307 2062 2350 animadversum
2084 2312 2159 2360 est,
2180 2318 2263 2350 non
2285 2306 2381 2350 dico
2404 2306 2503 2360 quid

361 2383 413 2423 de
444 2382 685 2423 huiusmodi
717 2382 874 2422 iudicio
908 2381 1109 2434 Platonis,
1143 2383 1438 2431 elegantissimi
1471 2383 1720 2433 scriptoris,
1752 2382 2012 2422 sentiendum
2042 2387 2173 2434 esset,
2203 2382 2275 2423 sed
2307 2382 2349 2422 in
2381 2392 2503 2433 quam

361 2462 483 2508 turpe
522 2461 754 2496 monstrum
796 2456 866 2496 illa
907 2456 1052 2496 critice
1099 2456 1256 2507 optima
1292 2456 1477 2498 Platonis
1520 2457 1656 2497 oratio
1689 2457 2008 2509 detorqueretur
2037 2461 2160 2508 atque
2191 2455 2503 2497 distraheretur.

361 2531 549 2582 Namque
588 2531 691 2578 olim
731 2529 1112 2570 eruditissimorum
1156 2530 1372 2571 hominum
1407 2530 1552 2581 opinio
1585 2530 1693 2582 fuit,
1737 2531 1887 2572 seriam
1927 2541 2046 2582 esse,
2090 2541 2176 2571 non
2214 2529 2504 2572 ioculatoriam

363 2603 596 2643 orationem
631 2613 806 2654 eamque
837 2614 860 2643 a
894 2602 1149 2653 philosopho
1184 2614 1263 2653 pro
1295 2603 1524 2654 specimine
1556 2602 1817 2655 propositam
1849 2614 1954 2654 esse,
1989 2614 2090 2655 quo,
2109 2602 2245 2654 qualis
2267 2602 2505 2645 huiusmodi

363 2677 499 2716 oratio
534 2687 621 2716 esse
653 2676 825 2717 deberet
845 2681 885 2716 et
907 2675 1007 2726 quid
1031 2675 1119 2726 ipse
1142 2676 1183 2716 in
1207 2676 1281 2717 illo
1303 2688 1455 2725 genere
1476 2676 1646 2727 valeret,
1667 2675 1917 2718 ostenderet.
1967 2672 2019 2717 At
2038 2675 2074 2717 si
2095 2674 2199 2717 illud
2220 2686 2362 2717 verum
2383 2680 2507 2726 esset,

363 2749 477 2801 quod
509 2747 743 2800 affirmant,
773 2748 925 2801 Lysian
958 2747 997 2787 in
1028 2748 1142 2788 omni
1176 2748 1319 2789 libello
1351 2748 1558 2800 spectari,
1586 2758 1764 2801 eumque
1797 2748 1952 2801 ubique
1984 2748 2229 2800 perstringi,
2261 2748 2376 2800 vide,
2405 2749 2506 2802 quid
2537 2802 2541 2806 ι

365 2822 549 2864 Platonis
579 2823 716 2863 oratio
746 2822 958 2864 evaderet:
992 2832 1097 2873 quae
1127 2833 1329 2874 nusquam
1360 2823 1497 2864 libero
1531 2826 1572 2864 et
1602 2833 1678 2864 suo
1709 2833 1832 2863 cursu
1853 2821 2015 2875 flueret,
2036 2822 2109 2864 sed
2129 2822 2278 2876 Lysian
2304 2834 2506 2876 nusquam

363 2907 446 2936 non
490 2895 836 2947 circumspiciens
872 2898 998 2947 atque
1041 2895 1270 2946 respicIens
1300 2907 1429 2945 nugas
1465 2900 1721 2947 aucuparet,
1766 2900 1804 2936 et
1841 2907 1950 2936 nunc
1980 2897 2088 2937 seria
2118 2907 2227 2937 nuuc
2259 2897 2506 2938 ioculatoria

362 2975 594 3022 promeret,
624 2981 734 3011 nunc
763 2969 933 3020 longior
955 2980 1064 3011 nunc
1087 2968 1272 3023 brevior,
1294 2982 1417 3024 quam
1441 2970 1528 3023 ille,
1550 2975 1673 3022 esset,
1694 2969 1762 3011 hic
1783 2970 1893 3023 aliis,
1915 2970 2000 3012 illic
2022 2981 2165 3013 rursus
2187 2970 2334 3013 iisdem
2355 2971 2508 3023 verbis,

363 3043 592 3096 sententiis,
623 3043 880 3086 dictionibus
911 3048 1110 3096 uteretur,
1141 3044 1252 3087 nulla
1285 3045 1325 3086 in
1359 3050 1478 3097 parte
1509 3045 1589 3087 sibi
1611 3044 1760 3086 similis
1781 3050 1821 3086 et
1842 3050 2050 3098 constans,
2070 3045 2148 3087 nisi
2171 3057 2235 3098 ea,
2255 3046 2367 3099 quod
2391 3046 2507 3088 illum

366 3119 541 3159 illudere
572 3123 695 3170 atque
726 3118 942 3167 corrigere
977 3123 1166 3160 tentaret.
