2882 3633
1188 138 1723 182 meeum·—

392 265 477 297 non
506 259 655 308 potest.
714 252 798 297 Sed
827 253 1158 307 triplexeadem
1189 258 1301 296 recte
1330 253 1530 298 obiicitur
1559 254 1757 307 suspicio.
1808 254 2020 308 Numquid
2041 264 2118 306 per
2142 254 2281 296 iocum
2302 265 2326 296 a
2349 252 2520 296 Platone

392 328 702 383 Lysiaeverba
737 326 1149 381 etvsentcntiamnb.
1177 327 1220 370 l.v
1241 327 1364 370 reddi
1400 327 1624 381 putemus?
1683 326 1742 370 Atv
1776 338 1914 370 veram
1953 339 2003 370 ac
2038 327 2189 370 seriam
2219 339 2307 371 esse
2338 327 2522 370 Platonis

389 401 859 453 orationemzappa'neta}
880 398 1033 455 .Atqne
1054 401 1099 444 si
1128 401 1442 444 irridere'hanc
1470 401 1616 456 Lysiae
1646 401 2042 454 dictionemvellet,
2073 401 2237 454 iisdem,
2264 413 2350 455 quo
2384 402 2520 444 mani-

390 474 679 518 festamirrisio
703 473 844 528 foret,
866 476 956 518 ‘nti
969 476 1119 518 'verbis
1144 475 1363 518 debebat.⁴
1396 475 1586 529 Denique
1616 475 1718 528 quid
1747 486 1902 528 quaeso
1934 474 2059 516 hahet
2089 475 2165 517 ista
2197 474 2361 526 oratio,
2407 475 2518 527 quod

391 548 548 593 nerito
581 547 700 591 illudi
737 560 787 592 ac
824 550 970 593 notari*
992 548 1194 603 possit?>
1231 549 1340 592 Vera
1379 549 1486 591 ratio
1519 548 1709 591 videtur:
1755 558 1849 590 cum
1889 547 2005 590 Plato
2039 552 2134 600 post
2162 546 2313 600 Lysian
2345 547 2518 590 eandem

389 632 479 667 rem
506 621 743 677 attingeret,
760 622 856 667 ,sive
873 622 1123 677 casm-slve
1146 621 1260 677 qnod
1289 621 1436 677 Lysiae
1468 621 1603 665 oratio
1634 621 1775 665 animo
1807 622 1897 666 eius
1925 622 2084 666 recenti
2113 621 2167 666 ab
2198 620 2310 666 illius
2340 622 2519 665 lectione

389 696 768 751 obversaretumin
797 697 959 742 similia⁴>
979 708 1148 751 quoque
1179 697 1327 740 incidit
1354 697 1494 739 verba.
1554 694 1689 750 Atque
1718 696 1916 740 audacter
1946 697 2172 750 contendo,
2201 697 2325 740 etiam
2351 697 2403 739 ab
2426 696 2519 739 aliis

389 768 534 813 eadem
564 770 689 814 verba
712 770 773 814 de
803 781 850 814 ca
881 781 928 814 re
957 772 1155 825 usurpata
1187 770 1270 814 iam
1299 774 1394 813 ante
1423 780 1511 813 esse
1542 774 1582 813 et
1609 780 1706 813 vero
1728 769 1900 823 posthac
1921 780 2105 824 omnem,
2126 769 2197 824 qui
2219 782 2241 813 e
2263 768 2520 823 Thucydidis

390 854 519 897 opere
548 843 777 898 didicerit,-
815 844 975 888 invidia
1003 850 1046 888 et
1075 844 1181 888 mala
1211 844 1489 888 aemulatione
1518 843 1738 898 pestiferas
1767 843 1858 888 illas
1888 844 2173 888 contentiones
2201 855 2250 886 ac
2282 843 2518 886 discordias

389 917 497 960 inter
524 928 613 961 rem
643 916 1185 971 publicamsAtheniensium
1218 923 1259 962 et
1279 918 1607 972 Peloponnesios
1638 929 1727 963 esse
1759 917 1974 972 conflatas,
2005 917 2150 962 iisdem
2173 918 2327 972 verbis,
2357 917 2391 961 si
2414 928 2519 970 pro-

389 992 480 1044 prie
511 996 551 1034 et
580 1003 674 1034 vere
706 1003 878 1045 narrare
907 994 1018 1047 velit,
1049 1004 1137 1037 esse
1169 1004 1354 1036 usurum.

503 1065 648 1120 Plato,
691 1070 735 1108 ut
774 1077 900 1120 supra
939 1066 1098 1111 dictum
1141 1072 1228 1121 est,
1272 1067 1315 1110 in
1346 1068 1537 1111 oratione
1562 1079 1639 1111 sua
1670 1077 1719 1111 ex
1751 1079 1869 1111 more
1900 1068 1943 1111 in
1973 1067 2282 1110 laudationibus
2311 1071 2513 1109 consueto

387 1140 503 1194 (Lys.
521 1143 559 1188 §.
584 1141 647 1189 1.)
666 1145 895 1192 res-gestas
915 1139 1246 1194 Atheniensium,
1276 1154 1381 1195 quae
1412 1141 1579 1195 quidem
1611 1142 1666 1184 ad
1696 1143 1860 1184 laudem
1894 1142 2069 1183 civitatis
2089 1141 2358 1193 pertinerent,
2388 1151 2518 1193 usque

385 1213 440 1255 ad
469 1224 543 1255 sua
572 1217 763 1265 tempora
793 1214 972 1257 breviter
1002 1216 1230 1267 percurrit,
1260 1215 1411 1267 quibus
1440 1215 1640 1266 expositis
1660 1220 1759 1257 nota
1781 1215 1852 1256 illa
1874 1212 2056 1265 formula
2077 1214 2162 1255 sive
2182 1215 2393 1255 locutione
2412 1223 2517 1253 con-

388 1286 537 1329 cludit:
574 1284 648 1329 καὶ
683 1279 741 1329 τὰ
768 1285 850 1341 μὲν
879 1283 986 1345 ἔργα
1015 1288 1160 1331 ταῦτα
1188 1288 1278 1330 τῶν
1306 1279 1477 1345 ἀνδρῶν
1506 1287 1596 1330 τῶν
1620 1281 1780 1330 ἐνθάδε
1808 1286 2017 1342 κειμένων
2046 1286 2117 1329 καὶ
2147 1286 2236 1329 τῶν
2256 1280 2398 1328 ἄλλων
2419 1279 2516 1328 ὅσοι

384 1352 494 1415 ὑπὲρ
522 1359 602 1415 τῆς
629 1352 800 1409 πόλεως
828 1353 1171 1417 τετελευτήκασι·
1200 1355 1342 1404 πολλὰ
1369 1359 1450 1415 μὲν
1479 1355 1536 1404 τὰ
1563 1359 1771 1417 εἰρημένα
1799 1361 1870 1404 καὶ
1901 1356 2033 1412 καλὰ,
2069 1354 2181 1403 πολὺ
2210 1359 2248 1402 δ’
2278 1356 2345 1402 ἔτι
2376 1356 2514 1401 πλείω

385 1429 458 1473 καὶ
500 1429 664 1474 καλλίω
708 1428 765 1476 τὰ
804 1427 1137 1488 ὑπολειπόμενα·
1174 1434 1333 1477 πολλαὶ
1364 1429 1447 1490 γὰρ
1475 1429 1529 1477 ἂν
1560 1432 1721 1491 ἡμέραι
1749 1435 1820 1477 καὶ
1852 1428 2005 1482 νύκτες
2034 1427 2116 1486 οὐχ
2145 1431 2288 1476 ἱκαναὶ
2321 1431 2515 1486 γένοιντο

384 1502 448 1559 τῷ
475 1498 532 1547 τὰ
559 1496 703 1548 πάντα
730 1504 935 1560 μέλλοντι
964 1509 1193 1564 περαινεῖν.
1227 1507 1272 1551 Ρ.
1307 1509 1406 1554 246.
1437 1507 1487 1552 A.
1548 1509 1619 1552 Est
1647 1510 1749 1552 haec
1781 1510 1995 1552 conclusio
2027 1514 2067 1551 et
2097 1508 2232 1551 oratio
2263 1507 2445 1557 vulgaris
2475 1511 2515 1549 et

386 1584 465 1620 usu·
490 1579 717 1623 tritissima.
779 1580 931 1624 Eadem
962 1585 1095 1624 exstat
1124 1581 1166 1624 in
1198 1581 1387 1625 oratione
1410 1581 1574 1636 Lysiae,
1604 1587 1647 1625 ut
1679 1583 1750 1635 qui
1781 1582 1947 1625 easdem
1979 1593 2046 1624 res
2075 1580 2309 1624 tractaverit
2340 1584 2379 1622 et
2401 1579 2517 1621 cuius

384 1656 468 1694 tota
499 1652 587 1695 fere
617 1654 753 1696 oratio
784 1655 926 1697 inilia
959 1656 1199 1697 narratione
1228 1661 1436 1709 versetur,
1473 1668 1522 1698 eo
1554 1662 1711 1698 tantum
1743 1656 2000 1708 discrimine,
2032 1654 2144 1708 quod
2173 1654 2314 1708 Lysias
2345 1665 2390 1694 ea
2423 1652 2514 1694 ior-

384 1726 494 1768 mula
527 1727 591 1768 bis
621 1739 718 1769 usus
747 1734 823 1781 est,
851 1729 1032 1781 primum
1065 1729 1106 1771 in
1138 1729 1231 1782 ipso
1250 1730 1456 1782 exordio,
1485 1735 1526 1771 et
1555 1730 1706 1772 deinde
1739 1730 1779 1771 in
1812 1730 1891 1771 fine
1913 1730 2092 1782 potioris
2110 1729 2242 1781 partis
2263 1727 2516 1769 narrationis

383 1812 497 1853 snae,
526 1802 741 1854 aliquanto
773 1809 908 1845 tamen
936 1805 1104 1846 mutatis
1134 1805 1287 1855 verbis,
1317 1816 1401 1856 quo
1434 1804 1544 1845 varia
1578 1809 1683 1845 esset
1712 1805 1875 1854 oratio,
1910 1808 2086 1855 utroque
2115 1808 2251 1844 autem
2286 1803 2380 1843 loco
2412 1813 2513 1852 per-

384 1875 604 1916 commode
635 1881 675 1917 et
703 1881 801 1928 apte
831 1882 871 1918 et
898 1876 1109 1926 eleganter
1138 1890 1235 1919 usus
1265 1884 1338 1919 est.
1401 1876 1537 1930 Atque
1573 1878 1718 1918 eadem
1750 1878 1933 1918 dictione
1965 1878 2081 1916 multi
2114 1887 2281 1928 quoque
2311 1876 2381 1916 alii
2415 1888 2513 1915 ora-

383 1953 495 1990 tores
525 1949 639 1990 omni
669 1954 874 2002 tempore,
902 1950 950 1991 si⁴
967 1951 1201 1999 argumenti
1231 1951 1339 1992 ratio
1372 1951 1476 1992 illud
1497 1956 1691 2002 posceret
1709 1956 1780 1992 aut
1798 1950 1946 2001 ferret,
1965 1949 2026 1990 usi
2048 1954 2155 1990 sunt.
2205 1948 2345 2000 ltaque
2367 1948 2512 1988 mirari

383 2022 479 2060 licet
520 2033 620 2072 eos,
665 2023 734 2073 qui
780 2021 990 2062 Platonem
1032 2020 1242 2063 affirmant
1280 2023 1355 2063 hac
1396 2023 1666 2063 similitudine
1698 2019 1904 2060 orationis
1934 2017 2133 2070 Lysianae
2163 2028 2281 2058 usum
2313 2028 2428 2068 esse,
2472 2022 2514 2058 ut

383 2095 593 2132 oratorem
633 2091 750 2132 illum
781 2096 956 2143 propter
986 2103 1104 2133 usum
1136 2092 1248 2133 illius
1276 2091 1482 2134 formulae
1512 2092 1753 2144 respiceret.
1816 2092 2002 2143 Namque
2033 2094 2102 2132 aut
2131 2090 2242 2132 serio
2273 2090 2332 2131 sic
2370 2089 2512 2131 Plato-

382 2174 475 2205 nem
503 2164 690 2205 .locutum
722 2165 971 2206 censendum
1002 2171 1080 2218 est,
1108 2170 1178 2207 aut
1204 2177 1279 2217 per
1304 2166 1458 2218 iocum,
1488 2171 1532 2207 ut
1554 2166 1702 2219 Lysian
1730 2165 1958 2206 imitatione
1992 2164 2202 2215 pravitatis
2235 2163 2510 2205 cavillaretur.

383 2235 427 2279 Si
459 2237 587 2289 serio,
616 2238 752 2279 omnis
781 2238 965 2289 suspicio
997 2239 1336 2290 reprehensionis
1364 2244 1435 2279 aut
1463 2241 1639 2280 acerbae
1670 2238 1886 2280 allusionis
1919 2239 2097 2292 tollitur,
2133 2238 2168 2277 si
2200 2237 2367 2289 quidem
2399 2237 2512 2289 quod

382 2311 470 2362 ipse
501 2310 542 2350 in
573 2311 716 2351 eadem
750 2323 796 2351 re
826 2312 1014 2352 consulto
1045 2323 1093 2352 ac
1124 2313 1265 2353 volens
1294 2313 1469 2365 diceret,
1499 2318 1539 2353 et
1569 2313 1735 2362 elegans
1765 2322 1852 2352 esse
1883 2311 2103 2363 iudicaret,
2135 2311 2222 2351 fieri
2252 2322 2333 2351 non
2358 2315 2512 2363 potest,

383 2389 426 2424 ut
455 2384 576 2425 simul
610 2385 650 2425 in
681 2385 818 2426 alieno
851 2387 1085 2439 vituperare
1116 2387 1306 2427 voluerit.
1368 2385 1440 2428 Sin
1471 2391 1610 2427 autem
1633 2398 1708 2440 per
1732 2387 1871 2426 iocum
1897 2391 1937 2427 et
1959 2386 2155 2438 ironiam,
2176 2386 2358 2438 primum
2381 2397 2512 2439 quae—

381 2459 555 2501 rendum
587 2460 693 2512 erit,
723 2461 923 2514 numquid
948 2462 1036 2502 vitii
1067 2462 1138 2503 illa
1170 2462 1323 2515 oratio,
1353 2472 1433 2514 qua
1463 2447 1525 2502 vel
1556 2461 1897 2514 praestantissimi
1929 2465 1969 2501 et
1999 2460 2288 2510 elegantissimi
2322 2466 2512 2502 oratores

379 2544 428 2575 ac
458 2538 606 2585 poetae
639 2533 700 2574 usi
730 2538 846 2586 sunt,
873 2539 944 2575 aut
975 2535 1146 2576 omnino
1178 2540 1248 2576 aut
1279 2539 1391 2577 certe
1422 2535 1505 2576 illis
1534 2534 1701 2588 quidem
1735 2535 1840 2575 locis
1871 2534 2017 2589 Lysiae
2048 2534 2212 2586 habeat,
2243 2534 2356 2587 quod
2388 2544 2510 2576 nemo

379 2605 659 2649 affirmaverit.
712 2604 771 2649 Ac
803 2611 891 2650 tum
921 2608 1070 2652 eodem
1101 2619 1276 2663 prorsus
1304 2619 1512 2662 sermone,
1542 2608 1689 2652 iisdem
1714 2608 1852 2651 verbis
1876 2612 1915 2651 et
1934 2607 2157 2650 sententiae
2178 2606 2512 2651 conformatione

379 2681 494 2734 loqui
527 2681 730 2734 debebat,
768 2686 811 2721 ut
842 2683 1016 2736 quilibet
1045 2683 1180 2723 statim
1211 2682 1429 2737 Lysianam
1460 2683 1666 2724 rationem
1697 2689 1736 2723 et
1767 2682 1999 2724 orationem
2031 2681 2223 2725 distincte
2253 2688 2508 2733 agnosceret.

379 2754 497 2796 Nunc
514 2759 650 2795 autem
666 2755 737 2795 illa
753 2756 887 2796 oratio
902 2761 941 2797 et
953 2757 1090 2797 verbis
1104 2761 1144 2797 et
1154 2757 1378 2797 verborum
1395 2756 1662 2797 conclusione
1679 2760 1718 2797 et
1737 2756 1829 2807 ipso
1847 2755 2120 2809 quoqueloco
2133 2766 2182 2797 ac
2197 2756 2323 2797 sedea
2339 2755 2510 2810 Lysiana

378 2828 531 2870 differt.
592 2827 807 2870 Praeterea
839 2839 977 2871 nonne
1008 2829 1088 2871 hoc
1120 2829 1257 2883 posito
1289 2829 1377 2882 ipsa
1408 2829 1509 2871 haec
1542 2828 1727 2872 Platonis
1768 2829 1904 2871 oratio
1935 2829 2019 2871 sive
2052 2828 2234 2871 laudatio
2267 2829 2515 2872 ioculatoria

379 2907 483 2945 esset
511 2902 718 2956 habenda,
749 2914 853 2957 quae
882 2903 1044 2946 ironiam
1075 2908 1115 2946 et
1144 2903 1381 2947 acerbitatis
1410 2915 1507 2946 suae
1541 2904 1622 2948 tela
1656 2904 1697 2946 in
1720 2903 1826 2946 alios
1848 2907 2038 2946 oratores
2058 2902 2119 2945 vel
2142 2903 2182 2944 in
2205 2914 2329 2945 unum
2352 2902 2518 2958 Lysian,

379 2986 626 3029 quocunque
657 2976 865 3017 modoac
896 2977 990 3019 loco
1023 2982 1185 3030 posset,
1216 2977 1547 3030 contorqueret?
1579 2978 1692 3031 quod
1724 2977 1935 3019 affirmare
1966 2976 2193 3018 absurdum
2226 2975 2348 3019 foret.
2410 2977 2513 3020 Nam

379 3054 421 3091 ut
450 3060 587 3091 sermo
620 3049 688 3091 ille
719 3050 828 3091 inter
859 3048 1072 3093 Socratem
1104 3056 1144 3093 et
1175 3051 1475 3103 Menexenum,
1519 3051 1589 3104 qui
1623 3051 1755 3103 ipsam
1787 3050 2018 3092 orationem
2049 3050 2274 3101 antecedit,
2304 3056 2503 3102 perpetua

379 3123 575 3165 festivitas
622 3128 661 3165 et
700 3121 911 3165 Socratica
958 3124 1027 3166 illa
1060 3124 1361 3168 dissimulantia
1395 3125 1614 3167 distinctus
1644 3131 1765 3178 atque
1798 3124 1988 3166 conditus
2019 3130 2105 3165 est:
2152 3125 2210 3165 sic
2242 3125 2330 3175 ipsa
2362 3124 2513 3175 oratio,

378 3209 483 3250 quae
514 3208 608 3239 eum
638 3197 839 3251 sequitur,
869 3197 983 3240 nullo
1017 3210 1098 3241 non
1131 3199 1226 3242 loco
1263 3205 1303 3241 et
1338 3200 1597 3244 severitatem
1620 3205 1660 3242 et
1682 3200 1872 3242 altiorem
1898 3199 2079 3240 oratoris
2101 3198 2221 3241 finem
2246 3198 2511 3250 animumque
