2882 3633
1184 125 1358 162 *me
1414 119 1484 164 u
1541 128 1713 164 soe-⁴·-

384 233 858 288 quanquam-habuisse
899 232 1139 293 Platonem,
1178 244 1255 277 cur
1300 233 1378 277 hos
1407 233 1633 287 praecipue
1659 233 1717 276 de
1744 237 1833 276 toto
1865 232 1938 276 illo
1968 242 2095 284 grege
2126 243 2236 276 nunc
2265 233 2513 286 appellaret,

384 306 528 357 necui
556 318 642 352 non
670 310 819 360 potest.
848 325 904 344 -ε-
933 306 980 351 Ρ.
1000 306 1112 354 2235.
1145 305 1194 350 A.
1243 307 1380 360 carpit
1410 305 1605 353 &etates
1643 306 1795 351 horum
1824 311 2041 351 oratorum
2070 306 2302 351 affectatum
2331 306 2511 352 studium

384 379 593 425 luminum·
615 393 666 425 ac
694 381 1002 433 pigmentomm
1028 383 1347 425 oratoriorum:
1378 394 1463 435 quo
1493 381 1594 424 vitio
1617 381 1765 435 Lysiae
1792 382 1929 424 oratio
1959 380 2132 424 minime
2162 381 2345 424 laborat:
2373 394 2397 423 a
2430 393 2510 433 qua

383 458 550 506 praeter
579 464 721 496 verum
753 453 869 497 illum
903 459 1115 508 ornatum,
1145 458 1271 509 quem-
1296 466 1430 506 genus
1455 454 1723 508 epidicticum
1743 455 1830 497 sive
1850 454 2218 497 demonstrativum
2239 460 2280 497 et
2300 455 2513 507 copiosio-

382 538 472 574 rem
502 532 551 570 et·
572 527 1016 582 maioremadmittit,
1031 528 1261 579 figurarum
1288 529 1727 582 abusus,artificiosae
1742 530 1974 572 ›verborum
1998 529 2289 572 conclmiones
2310 535 2349 571 et
2371 529 2513 571 inanes

382 602 499 646 lusus
527 602 780 661 r‹it-Ammine
812 600 940 658 falsus
969 602 1107 645 omnis
1136 612 1259 656 quem
1291 601 1408 644 Plato
1442 602 1500 644 ibi
1532 603 1573 644 iu
1602 602 1744 644 auimo
1776 603 1901 662 habet
1932 602 2051 645 fucus
2080 602 2260 645 feliciter
2288 603 2435 656 abest,
2472 608 2511 644 et

385 675 584 727 proprius
613 676 768 729 ubique
791 676 921 719 ⁴huius
944 676 1134 719 sumt-oris
1162 677 1322 718 candor
1351 676 1567 729 nativaque
1597 676 1843 728 simplicitas
1871 688 1921 718 ac
1949 677 2157 719 sobrietas
2185 682 2269 718 tam
2302 677 2344 718 in
2377 677 2515 718 verbis

381 760 508 803 qnam
544 749 587 792 in
622 749 836 793 sententiis
873 754 1053 802 totoque.
1074 749 1222 791 colore
1246 749 1470 792 ac-babitu
1501 749 1705 791 orationis
1734 750 2005 802 conspicitur.
2043 774 2095 783 —-
2128 750 2286 792 Ibidem
2319 748 2514 792 Socrates

385 834 515 875 porro
563 823 754 877 iocatur,
797 828 990 873 ouatores
1035 823 1093 865 iu*
1111 823 1232 866 laude
1262 835 1335 866 sua
1365 824 1542 866 civitatis
1570 823 1676 865 adeo
1709 824 1861 867 nimios
1888 836 1979 867 esse
2007 824 2263 878 modumque
2294 823 2512 876 excedere,

384 900 430 938 ut
461 896 575 948 ipsos
599 908 793 950 quoque,
814 896 888 949 qui
907 896 1105 948 viverent,
1135 896 1328 948 placendi
1357 897 1519 939 scilicet
1550 908 1709 949 caussa,
1735 897 1955 939 laudarent
1982 896 2071 946 (καὶ
2095 889 2255 945 αὐτοὺς
2277 890 2391 952 ἡμᾶς
2409 891 2513 944 τούς

382 965 450 1012 ἔτι
480 968 649 1021 ζῶντας
679 966 994 1022 ἐπαινοῦντες).
1052 969 1197 1024 Neque
1224 970 1313 1012 silla
1358 971 1591 1013 orationem
1631 970 1776 1025 Lysiae
1811 971 2046 1025 attingunt,
2091 972 2208 1014 cuius
2239 972 2375 1014 oratio
2405 971 2510 1013 nihil

383 1046 595 1097 continet,
626 1033 755 1097 ‘quod
791 1044 869 1087 ad.
889 1044 1144 1097 aequalium*
1172 1044 1350 1087 leudem:
1381 1044 1605 1096 praecipue
1635 1045 1870 1098 pertineat,
1915 1058 2021 1098 quae
2054 1047 2189 1088 omnis
2217 1052 2277 1088 est
2307 1047 2349 1088 in
2383 1046 2511 1088 rebus

382 1119 512 1169 gestis
555 1123 596 1161 et
633 1118 724 1161 illis
766 1118 894 1171 viris,
934 1118 1005 1171 qui
1051 1118 1298 1171 novissimi,
1339 1119 1453 1170 apud
1484 1116 1766 1171 Corinthum,
1806 1131 1888 1171 pro
1930 1120 2065 1171 patria
2098 1119 2368 1172 occiderant,
2411 1120 2511 1162 illn-

380 1190 582 1244 strandis‚
625 1201 759 1245 neque
788 1190 842 1235 ad
873 1190 1110 1243 exemplum
1139 1190 1398 1245 Thucydidis
1426 1203 1476 1234 ac
1506 1191 1690 1234 Platonis
1719 1191 1843 1234 simul
1874 1193 1998 1235 etiam
2030 1193 2339 1246 propemodum
2371 1193 2511 1235 omnia

379 1267 460 1309 alia
491 1266 668 1308 civitatis
692 1266 825 1317 bona,
853 1265 1019 1314 generis
1045 1265 1325 1317 nobilitatem,
1353 1271 1524 1318 teri-arn,
1553 1267 1757 1318 instituta,
1776 1268 1856 1309 alia
1880 1268 2144 1309 collaudavit.
2161 1293 2215 1300 —
2240 1269 2383 1319 Neque
2411 1279 2509 1309 vero

380 1339 483 1381 illud
523 1339 577 1381 ad
614 1339 763 1393 Lysian
795 1344 985 1391 spectat,
1030 1337 1382 1392 quodSoerates
1423 1341 1612 1392 iocatur,
1648 1341 1802 1383 habere
1845 1341 1925 1382 hos
1965 1347 2154 1383 oratores
2184 1342 2396 1383 orationes
2427 1341 2508 1382 iam

378 1418 472 1455 ante
504 1424 628 1466 quam
659 1412 940 1463 deligerentur
970 1418 1170 1465 paratas:
1190 1419 1232 1455 ut
1260 1414 1295 1456 si
1326 1414 1440 1456 brevi
1472 1420 1661 1467 tempore
1692 1419 1786 1457 ante
1816 1414 1965 1457 festum
1997 1415 2099 1457 illud
2131 1416 2340 1457 constituti
2362 1421 2512 1468 essent,

379 1487 580 1529 maiorem
626 1487 793 1529 dicendi
829 1487 994 1530 laudem
1026 1487 1258 1541 haberent,
1300 1489 1334 1531 si
1366 1500 1436 1531 eas
1476 1483 1583 1531 intra
1615 1500 1845 1542 paucorum
1876 1490 2054 1542 spatium
2087 1490 2249 1531 dierum
2281 1488 2511 1531 confecisse

379 1561 636 1604 viderentur».
680 1560 794 1614 Quid
824 1562 971 1603 enim?
1017 1562 1182 1615 Lysian,
1212 1568 1295 1604 tam
1323 1562 1436 1605 felici
1465 1576 1515 1605 ac
1546 1562 1725 1605 fecundo
1755 1564 1808 1605 ad
1830 1563 2053 1605 dicendum
2084 1563 2250 1614 ingenio
2283 1569 2511 1615 oratorem,

376 1641 490 1678 tanto
519 1647 594 1678 usu
626 1640 665 1678 et
695 1636 976 1688 experientia,
1017 1637 1087 1689 qui
1120 1636 1161 1678 in
1191 1635 1287 1678 foro
1320 1642 1360 1679 et
1390 1637 1557 1679 iudiciis
1587 1637 1774 1690 quotidie
1804 1641 2053 1689 versaretur,
2084 1637 2154 1689 qui
2185 1638 2308 1678 toties
2335 1637 2375 1678 in
2398 1637 2510 1678 cele-

377 1709 571 1753 berrimis
601 1710 757 1751 caussis
786 1709 965 1762 vicisset,
1001 1710 1190 1763 interque
1220 1715 1282 1751 tot
1311 1710 1460 1752 doctos
1488 1715 1682 1753 oratores
1711 1711 1823 1762 apud
1857 1710 2206 1761 elegantissimum
2238 1723 2335 1752 sane
2367 1722 2511 1763 popu·

378 1786 460 1825 lum
484 1782 774 1824 Atheniensem
805 1795 962 1824 summa
994 1782 1212 1824 facundiae
1244 1782 1365 1824 laude
1395 1782 1579 1833 floreret,
1599 1782 1669 1834 qui
1693 1787 1774 1822 tam
1796 1786 1987 1823 accurate
2008 1782 2187 1823 civitatis
2206 1783 2510 1836 antiquitatem,

378 1869 539 1909 mores,
581 1856 713 1907 leges,
744 1855 946 1907 instituta,
977 1854 1101 1896 vitam
1133 1854 1344 1907 publicam
1376 1860 1416 1896 et
1443 1855 1713 1903 domesticam
1746 1859 1905 1906 nosset,
1936 1854 2065 1895 immo
2097 1864 2337 1905 percursam
2367 1854 2508 1895 animo

375 1936 499 1985 atque
533 1933 823 1983 pertractatam
856 1928 1043 1979 haberet,
1071 1928 1194 1970 talem
1224 1933 1464 1982 tantumque
1495 1933 1705 1970 oratorem
1740 1927 1811 1970 diu
1841 1932 1935 1970 ante
1965 1927 2191 1982 delectum,
2225 1928 2294 1981 qui
2327 1927 2510 1969 incertus

376 2010 496 2055 esset,
521 2002 700 2044 sollicite
732 1999 1073 2051 circumspexisse
1102 2004 1226 2053 atque
1255 2012 1436 2052 operose
1467 2001 1650 2053 undique
1682 2005 1870 2051 putemus
1901 2000 2218 2053 conquisivisse,
2247 2001 2347 2053 quid
2371 2001 2405 2042 si
2428 2001 2507 2053 ipsi

377 2076 456 2117 hoc
487 2084 636 2116 munus
665 2071 922 2124 deferretur,
952 2075 1058 2113 esset
1087 2071 1304 2113 dicturus?
1349 2070 1541 2114 Profecto
1573 2073 1673 2113 haec
1707 2084 1789 2114 non
1822 2073 1861 2113 in
1895 2073 2043 2127 Lysian
2076 2073 2185 2115 dicta
2217 2079 2325 2126 sunt,
2360 2074 2432 2116 sed
2465 2075 2506 2117 in

376 2148 537 2191 ieiunos
568 2147 663 2189 illos
693 2151 733 2189 et
762 2145 966 2188 ridiculos
993 2144 1045 2187 de
1077 2144 1198 2197 plebe
1228 2150 1432 2198 oratores,
1461 2145 1533 2199 qui
1565 2145 1667 2187 illud
1700 2145 1865 2188 dicendi
1898 2157 2046 2189 munus
2075 2147 2344 2200 cupidissime
2373 2160 2507 2202 appe-

377 2215 510 2264 terent
553 2226 675 2274 atqne
710 2220 779 2262 illa
808 2231 883 2272 spe
913 2219 983 2260 diu
1014 2224 1109 2260 ante
1139 2219 1182 2260 in
1213 2219 1474 2261 orationibus
1505 2219 1774 2261 conficiendis
1805 2221 1954 2262 misere
1987 2221 2236 2263 desudarent
2265 2228 2388 2275 atque
2417 2224 2507 2266 ela-

376 2298 586 2340 borarent.
1011 2332 1014 2335 Α

461 2371 575 2413 Unus
594 2374 721 2411 restat
738 2369 871 2421 locnS,
887 2368 1087 2410 excitatus
1102 2380 1124 2409 a
1139 2365 1528 2409 Schleiermachero
1544 2370 1603 2416 (§.
1621 2369 1848 2422 71—73.i,
1865 2371 1935 2423 qui
1954 2371 2287 2413 lamentationem
2307 2378 2345 2413 et
2361 2374 2505 2425 queri-

373 2446 537 2488 monias
565 2445 618 2485 de
648 2449 912 2485 mortuorum
942 2442 1053 2494 apud
1077 2440 1324 2483 Corinthum
1355 2443 1559 2494 patribus,
1590 2444 1791 2484 uxoribus
1821 2456 1869 2485 ac
1901 2445 2044 2486 liberis
2073 2446 2268 2486 continet.
2315 2446 2390 2487 Hic
2412 2447 2506 2498 pri—

374 2531 487 2576 mum
517 2532 540 2561 a
565 2517 750 2560 Platonis
779 2516 969 2559 oratione
998 2515 1052 2558 ad
1084 2520 1276 2568 parentes
1304 2527 1353 2558 ac
1385 2516 1543 2558 liberos
1572 2516 1696 2568 plane
1726 2517 1934 2569 discrepat
1965 2531 2013 2560 ac
2043 2531 2177 2570 prope
2209 2519 2245 2560 ei
2270 2522 2507 2564 contrarius

372 2595 455 2637 dici
487 2597 638 2646 potest.
698 2592 802 2634 Nam
835 2591 933 2633 dum
957 2591 1099 2645 Lysias
1130 2602 1222 2632 cum
1256 2591 1491 2641 lugentibus
1521 2591 1631 2641 luget
1663 2598 1702 2633 et
1725 2598 1997 2642 cognatorum
2023 2594 2290 2636 iustissimum
2312 2596 2504 2638 dolorem

372 2670 427 2711 ob
458 2673 540 2709 tam
570 2666 812 2720 praeclaros
839 2666 952 2707 viros
981 2665 1157 2707 amissos
1187 2664 1310 2705 finem
1341 2663 1497 2705 habere
1526 2675 1610 2705 non
1642 2664 1795 2706 debere
1828 2665 1963 2722 dicit3
2009 2667 2126 2709 Plato
2165 2674 2307 2711 contra
2341 2670 2506 2711 disertis

371 2743 511 2786 verbis
555 2752 637 2783 non
682 2739 888 2790 lugendos
931 2738 1003 2781 sed
1039 2736 1181 2780 felices
1209 2737 1515 2790 praedicandos
1545 2737 1646 2779 dicit
1675 2742 1714 2779 et
1746 2740 1985 2782 consolatur
2016 2752 2089 2783 eos
2119 2747 2158 2783 et
2188 2743 2296 2784 virili
2328 2756 2376 2785 ac
2408 2743 2505 2786 forti

371 2815 655 2860 admonitione
686 2823 834 2855 eorum
862 2812 1025 2853 animos
1056 2811 1177 2861 erigit
1205 2816 1327 2864 atque
1358 2811 1589 2853 confirmat.
1650 2810 1851 2866 Accedit,
1883 2815 1997 2868 quod
2030 2818 2317 2866 gravissimum
2350 2824 2434 2872 est,
2465 2825 2507 2860 ut

370 2886 614 2933 lamentatio
645 2886 715 2928 illa
737 2885 907 2940 Lysiana
942 2885 1112 2926 mollior
1141 2895 1190 2926 ac
1212 2883 1411 2938 flebilior,
1438 2896 1486 2926 ac
1507 2895 1641 2938 prope
1663 2886 1839 2929 dixerim
1865 2888 1971 2931 iusto
1994 2889 2216 2932 demissior
2238 2902 2286 2933 ac
2307 2891 2508 2934 humilior

371 2974 475 3016 esse,
505 2962 642 3014 itaque
675 2960 823 3002 merito
855 2958 1124 3010 vituperanda
1155 2957 1355 2999 videatur.
1418 2958 1574 3001 Verum
1605 2971 1733 3013 quum
1766 2961 1866 3003 haec
1898 2962 2066 3005 minima
2099 2964 2302 3006 orationis
2332 2965 2383 3006 sit
2406 2977 2507 3017 par-

370 3036 493 3079 ticula
525 3040 564 3077 et
595 3034 754 3086 reliqua
787 3032 852 3074 illi
883 3032 1105 3074 sententiae
1137 3030 1306 3073 minime
1337 3030 1530 3085 faveant,
1572 3034 1797 3076 cavendum
1830 3040 1890 3077 est
1921 3037 2129 3089 maxime,
2172 3049 2223 3079 ne
2254 3038 2350 3080 huic
2380 3039 2504 3081 unico

370 3110 464 3152 loco
497 3108 669 3150 nimium
702 3106 899 3149 momenti
933 3105 1155 3158 tribuatur,
1187 3105 1256 3159 qui
1289 3105 1340 3149 ad
1373 3118 1578 3150 summum
1612 3108 1711 3150 illud
1743 3108 1924 3152 efficeret
1949 3111 2176 3164 Platonem,
2208 3124 2301 3154 cum
2335 3113 2502 3156 illorum

370 3189 583 3226 oratorum
630 3182 814 3224 omnium
855 3180 949 3223 vitia
992 3179 1317 3233 reprehenderet
1359 3187 1482 3236 atque
1529 3185 1778 3238 corrigeret,
1827 3198 1900 3226 noc
1935 3186 2012 3237 ipsi
2047 3186 2216 3239 quidem
2251 3187 2394 3241 Lysiae
2430 3189 2499 3229 illo
