2882 3633
1191 86 1729 131 -unoelssooffl

381 200 579 243 declarat.
643 200 788 253 Neque
817 200 940 243 aliter
970 200 1024 244 de
1054 210 1105 243 eo
1137 200 1336 250 iudicavit
1365 201 1550 253 populus
1577 202 1650 245 ille
1677 200 1949 248 Atheniensis
1971 204 2247 248 ductast-saue
2278 211 2321 249 et
2345 205 2527 257 elegam

381 273 525 327 ltaque
556 284 651 316 cum
682 274 990 327 posterioribus
1020 274 1301 329 temporibus,
1328 283 1458 330 quum
1488 275 1645 319 decora
1676 275 1862 330 ingenia,
1886 277 1963 331 qui
1991 275 2186 322 bandis
2216 287 2289 323 sua
2321 278 2526 323 civitatem

380 353 608 400 ornarent,
637 346 781 391 deesse
810 348 1072 401 coepissent,
1108 354 1149 392 et
1177 354 1315 393 tamen
1347 348 1452 393 illud
1483 347 1881 401 publicum-festum
1912 350 1955 398 in
1972 352 2235 399 'membr-'an
2258 357 2527 396 mortuorum

378 433 458 474 pro
507 422 642 475 patria
684 422 898 465 etiamtum
940 423 1252 477 celebraretur,
1297 422 1452 476 partim
1498 427 1543 465 ut
1581 422 1744 466 videtur
1787 423 2053 467 veneratione
2076 425 2345 478 praestantis
2373 425 2526 477 ingeni

380 496 579 549 Platonis,
596 496 766 550 partim,
782 496 897 551 quod
930 497 1213 550 copiosiorem
1244 503 1287 541 et
1316 498 1556 541 uberiorem
1589 497 1769 541 civitatis
1786 497 2099 553 landemmuae
2119 498 2528 553 quidem-conuiuas

378 570 551 612 auribus
582 575 681 623 apta
714 576 850 624 esset,
895 582 981 614 uon
1012 572 1242 625 baberent,
1274 571 1381 614 hanc
1410 571 1646 614 orationem
1665 601 1679 625 ,
1709 568 2526 626 teste-Gicoeoue,-quota=nimpubtioe

380 645 546 686 recitari
589 645 819 697 iusserunt,
858 644 1053 697 profecto
1094 657 1179 687 non
1210 644 1392 699 facturi,
1437 645 1473 687 si
1501 656 1594 688 eam
1623 656 1647 688 e
1677 646 1786 688 iocis
1810 651 1854 690 et
1881 645 2002 690 seriis
2028 646 2373 698 ineptemixtm
2400 651 2526 701 atque

379 717 599 759 conflatam
632 718 948 761 existimassent.
1010 718 1065 761 Ut
1096 718 1226 761 verbo
1255 718 1426 772 dicam,
1471 719 1524 762 de
1554 719 1753 762 irrisione
1781 719 1932 775 Lysiae
1958 719 2040 761 hoc
2067 719 2165 761 loco
2195 729 2282 761 non
2310 720 2526 769 estengi-

379 791 550 834 tandum
583 792 709 845 idque
731 803 855 835 omne
886 792 927 834 in
960 792 1110 846 optimi
1140 794 1326 836 oratoris
1356 793 1705 846 vituperationem
1735 797 1859 847 atque
1878 791 2413 836 contumeliam-inventum
2433 799 2521 836 est:

381 877 515 918 neque
547 867 772 919 quicquam
803 866 876 909 illa
907 866 1039 908 dictio
1071 873 1133 910 est
1160 867 1292 919 aliud,
1311 878 1437 920 quam
1468 867 1541 910 illa
1562 867 1696 917 figura
1726 867 1955 919 rhetorica,
1976 877 2068 920 qua
2086 870 2277 908 oratores
2306 866 2349 907 in
2379 865 2525 907 huius-

381 939 494 980 modi
528 940 718 981 oratione
749 940 972 982 commode
1005 945 1045 982 et
1076 940 1286 990 eleganter
1318 945 2125 982 utuntur..
2187 970 2191 974 -
2466 976 2469 979 ,

495 1014 635 1055 Tertia
668 1013 900 1056 similitudo
934 1014 1108 1057 excitata
1138 1020 1213 1057 est.
1263 1014 1366 1057 Plat.
1393 1015 1556 1059 Menex.
1576 1027 1619 1068 p.
1641 1016 1741 1061 239.
1762 1020 1823 1058 A.
1843 1009 1953 1059 ὅθεν
1981 1009 2036 1072 δὴ
2066 1012 2114 1058 ἐν
2141 1005 2278 1071 πόσῃ
2289 1011 2524 1069 ἐλευθερίᾳ

382 1086 684 1142 τεθραμμένοι
722 1085 765 1129 οἱ
802 1084 941 1130 τῶνδέ
976 1102 1024 1130 τε
1060 1086 1248 1143 πατέρες
1282 1087 1355 1130 καὶ
1394 1082 1601 1144 ἡμέτεροι
1642 1088 1715 1132 καὶ
1757 1085 1886 1133 αὐτοὶ
1926 1081 2051 1133 οὗτοι
2087 1087 2158 1132 nai
2183 1087 2332 1137 καλῶς
2363 1088 2525 1144 φῦντες

379 1153 519 1202 πολλὰ
560 1154 616 1215 δὴ
661 1158 733 1202 καὶ
775 1155 887 1202 καλοὶ
927 1155 1035 1218 ἔργα
1076 1153 1362 1217 ἀπεφήναντο
1393 1159 1463 1211 εἰς
1491 1154 1659 1212 πάντας
1686 1155 1957 1221 ἀνθρώπους
1984 1160 2059 1207 καί
2081 1159 2188 1219 ἰδίᾳ
2212 1161 2287 1212 καὶ
2316 1159 2525 1218 δημοσίᾳ.

380 1235 469 1287 Lys.
502 1240 538 1282 §.
573 1237 643 1279 20.
693 1234 778 1277 Καὶ
823 1226 906 1290 γάρ
946 1250 1020 1278 τοι
1052 1235 1123 1278 καὶ
1155 1237 1320 1289 φῦντες
1356 1237 1515 1293 καλῶς,
1549 1237 1620 1280 καὶ
1653 1229 1827 1292 γνόντες
1854 1231 2002 1291 ὅμοια,
2031 1229 2173 1280 πολλὰ
2196 1233 2292 1290 μὲν.
2312 1228 2423 1278 καλὰ
2451 1235 2524 1278 καὶ
2549 1228 2554 1232 ’

381 1303 620 1360 θαυμαστὰ
667 1306 710 1351 οἱ
750 1300 963 1364 πρόγονοι
1002 1310 1091 1351 τῶν
1132 1300 1297 1352 ἐνθάδε
1328 1309 1539 1363 κειμένοιν
1568 1302 1856 1367 εἰργάσαντο·
1899 1303 2144 1367 ἀείμνηστα
2171 1308 2222 1353 δὲ
2251 1308 2324 1352 καὶ
2346 1301 2523 1364 ,μεγάλα

380 1383 449 1424 καὶ
481 1383 705 1436 πανιαχοῦ
736 1381 780 1426 οἱ
810 1380 862 1436 ἐξ
891 1380 1067 1426 ἐκείνων
1098 1376 1325 1439 γεγονότες
1355 1376 1548 1440 τρόπαια
1578 1379 1653 1427 διὰ
1682 1379 1764 1443 τὴν
1792 1378 1939 1428 αὐτῶν
1968 1378 2131 1443 ἀρετὴν
2159 1382 2408 1428 κατέλιπον.
2438 1383 2521 1427 Sed

379 1471 473 1501 cum
515 1472 682 1501 omnem
726 1460 960 1503 orationem
994 1459 1179 1502 Platonis
1209 1460 1361 1503 seriam
1395 1471 1512 1514 esse,
1556 1472 1640 1503 non
1671 1461 1964 1504 ioculatoriam
1996 1466 2182 1514 constet,
2218 1459 2416 1514 quioquid
2449 1459 2523 1501 ista

379 1534 508 1575 dictio
542 1535 701 1586 peccati
735 1535 923 1587 haberet,
954 1534 997 1575 id
1028 1545 1152 1576 omne
1184 1535 1276 1587 pari
1310 1536 1436 1577 modo
1471 1536 1512 1577 in
1534 1535 1720 1577 Platonis
1750 1536 1985 1578 orationem
2005 1535 2189 1588 caderet,
2210 1533 2522 1577 necfPlatouem

379 1610 557 1650 consilio
590 1615 631 1650 et
658 1607 799 1651 studio
830 1619 1024 1660 peccasse
1057 1608 1287 1661 putandum
1319 1614 1397 1651 est.
1469 1608 1596 1663 Quod
1635 1615 1772 1652 autem
1812 1610 1972 1652 inversa
2003 1609 2168 1652 ratione
2198 1619 2291 1651 eum
2324 1607 2426 1650 tales
2455 1607 2524 1649 di-

380 1684 538 1724 ctiones
568 1687 702 1725 rectas
732 1682 937 1724 iudicasse
968 1687 1150 1725 statuunt
1182 1682 1363 1737 ideoque
1394 1684 1645 1737 retinuisse,
1687 1684 1850 1738 reliqua
1880 1684 2051 1736 omnia,
2094 1692 2201 1736 quae
2230 1682 2341 1735 apud
2375 1681 2524 1735 Lysian

377 1757 522 1798 vitiosa
555 1757 806 1807 iudicasset,
838 1761 1043 1807 mutasse,
1076 1756 1334 1808 emendasse,
1363 1756 1574 1809 dilatasse,
1606 1763 1814 1799 coartasse
1844 1770 1894 1800 ac
1925 1756 2137 1808 refecisse,
2166 1755 2265 1797 huic
2297 1755 2525 1796 sententiae

377 1837 460 1871 tota
492 1835 697 1882 repugnat
728 1830 879 1871 oratio.
942 1828 1050 1881 Quis
1079 1830 1191 1870 enim
1219 1829 1327 1872 adeo
1360 1829 1561 1882 ineptiat,
1602 1835 1646 1871 ut
1675 1830 1842 1872 nonnisi
1872 1835 1957 1872 tres
1986 1829 2084 1871 illos
2112 1829 2247 1881 locos,
2276 1841 2411 1881 neque
2442 1828 2521 1870 hos

380 1901 548 1954 quidem
583 1906 726 1955 totos,
758 1903 798 1944 in
829 1901 1134 1952 elegantissima
1166 1902 1312 1956 Lysiae
1343 1903 1534 1945 oratioue
1563 1903 1765 1956 probasse
1796 1902 2009 1946 Platonem
2042 1903 2301 1946 existimem.
2324 1901 2384 1944 Ac
2414 1902 2524 1955 vide,

380 1983 429 2013 ne
449 1971 550 2013 illud
569 1971 710 2023 potius
727 1971 940 2021 negotium
959 1971 1146 2021 magistri
1162 1972 1230 2024 sit,
1247 1975 1308 2015 sic
1323 1974 1733 2017 adolescentulorum
1750 1975 1905 2027 scripta
1920 1974 2178 2017 emendantis
2191 1988 2241 2017 ac
2257 1976 2492 2018 reficientis.

497 2044 663 2099 Quodsi
707 2057 813 2098 quae
856 2045 1053 2086 hactenus
1096 2045 1445 2097 pertractavimus
1487 2055 1635 2097 parum
1672 2045 1910 2098 probabilia
1945 2045 2123 2087 suntad
2153 2044 2443 2099 efficiendum,
2482 2051 2525 2087 ut

380 2122 651 2163 Menexenum
683 2124 828 2161 contra
858 2118 1001 2173 Lysiae
1033 2118 1316 2161 laudationem
1346 2120 1549 2172 scriptum
1580 2125 1789 2173 putemus,
1818 2120 2053 2173 compluria
2083 2131 2214 2173 porro
2246 2119 2287 2161 in
2319 2119 2421 2172 ipsis
2437 2117 2525 2162 So-

380 2196 505 2237 cratis
534 2194 672 2236 verbis
702 2195 786 2235 sive
818 2194 988 2242 dialogo
1022 2194 1176 2246 insunt,
1208 2206 1313 2247 quae
1345 2194 1383 2235 ei
1415 2194 1640 2235 sententiae
1671 2199 1905 2246 repugnant
1928 2182 1973 2236 vet
2002 2194 2044 2236 in
2076 2193 2330 2236 contrariam
2359 2198 2520 2245 partem

374 2270 513 2312 afferri
549 2275 735 2322 possunt.
790 2268 849 2310 Ac
881 2270 1062 2321 primum
1097 2270 1199 2311 illud
1232 2275 1309 2321 est,
1341 2269 1454 2322 quod
1485 2281 1611 2321 supra
1643 2269 1854 2319 tetigimus
1883 2274 1924 2310 et
1953 2268 2067 2322 quod
2098 2268 2249 2310 summi
2280 2272 2341 2310 est
2371 2268 2411 2309 in
2443 2269 2521 2311 hac

376 2357 421 2386 re
453 2344 675 2396 momenti,
697 2342 913 2386 Socratem
947 2344 987 2384 in
1019 2356 1213 2386 sermone
1244 2346 1328 2386 sive
1360 2345 1548 2395 dialogo,
1572 2356 1655 2397 quo
1687 2350 1879 2385 oratores
1909 2343 2158 2396 illuduntur,
2177 2355 2260 2384 non
2285 2343 2337 2385 de
2367 2355 2449 2385 uno
2482 2351 2521 2385 et

377 2424 491 2460 certo
515 2419 698 2471 quodam
731 2419 815 2459 sive
840 2418 956 2472 Lysia
988 2420 1072 2460 sive
1103 2420 1188 2460 alio
1222 2430 1490 2471 quocunque,
1520 2418 1591 2459 sed
1626 2418 1677 2459 de
1710 2423 1796 2459 toto
1818 2429 1970 2467 genere
1992 2415 2138 2472 loqui3
2167 2429 2302 2469 neque
2322 2417 2377 2458 ita
2400 2429 2522 2458 com-

377 2499 567 2545 paratam
599 2500 722 2546 atque
761 2491 1066 2535 conformatam
1098 2506 1186 2535 esse
1219 2493 1487 2545 orationem,
1523 2497 1595 2544 ut,
1626 2491 1739 2544 quod
1771 2503 1895 2543 saepe
1927 2491 1992 2543 fit,
2026 2492 2068 2533 in
2099 2503 2320 2533 commune
2351 2491 2519 2543 quidem

377 2569 558 2620 dicatur,
578 2569 651 2610 sed
677 2580 782 2610 unus
803 2580 926 2621 quem
950 2580 1094 2610 omnes
1115 2570 1258 2610 norint
1280 2569 1552 2619 significetur,
1573 2578 1714 2609 verum
1737 2565 1910 2608 omuino
1932 2566 2072 2607 omnia
2092 2566 2284 2608 omnium
2303 2571 2518 2608 oratorum

376 2643 472 2683 vitia
491 2673 504 2694 ,
548 2642 770 2693 praestigia
802 2647 842 2683 et
870 2642 1047 2684 artificia
1084 2642 1237 2696 quibus
1267 2642 1308 2683 in
1341 2642 1494 2683 talibus
1525 2641 1790 2683 orationibus
1817 2644 2008 2692 utantur,
2047 2639 2232 2680 irrideri.
2292 2639 2449 2681 Eodem
2480 2646 2521 2682 et

377 2717 478 2758 illud
501 2718 701 2769 pertinet:
735 2714 930 2758 Socrates
950 2715 1224 2759 Menexenum
1247 2715 1489 2758 redeuntem
1512 2728 1534 2757 e
1557 2714 1690 2767 curia,
1711 2714 1782 2756 ubi
1805 2718 1950 2756 orator
1978 2712 2173 2755 constitui
2189 2713 2367 2756 debebat
2382 2714 2435 2756 ad
2452 2714 2520 2756 in—

376 2796 490 2832 stans
519 2791 697 2843 festum,
729 2791 770 2831 in
803 2791 1007 2831 honorem
1038 2802 1203 2843 eorum,
1236 2790 1305 2844 qui
1340 2802 1420 2844 pro
1452 2791 1586 2843 patria
1623 2794 1853 2842 pugnantes
1884 2788 2125 2830 occiderant
2154 2793 2196 2829 et
2224 2788 2266 2829 in
2299 2785 2519 2831 Ceramico

374 2864 523 2917 sepulti
556 2868 700 2916 erant,
743 2863 1040 2906 celebrandum
1060 2895 1074 2917 ,
1105 2864 1365 2917 interrogat,
1398 2864 1467 2918 qui
1502 2863 1686 2907 delectus
1717 2867 1863 2905 orator
1892 2863 1968 2918 sit,
1997 2861 2226 2916 respondet
2255 2861 2520 2916 Menexenus,

374 2938 636 2980 nullumdum
683 2938 922 2990 delectum,
971 2938 1043 2980 sed
1074 2949 1162 2980 rem
1201 2938 1369 2980 dilatam
1407 2948 1512 2991 esse,
1542 2937 1767 2990 „suspicor
1802 2940 1955 2989 tamen,
1977 2936 2129 2988 pergit,
2148 2933 2378 2978 Archinum
2415 2947 2520 2979 con-

374 3014 557 3055 stitutum
608 3014 657 3055 iri
706 3013 768 3055 vel
810 3013 1034 3055 Dionem.“
1096 3013 1154 3055 Ex
1203 3025 1288 3067 quo
1336 3014 1431 3056 loco
1472 3025 1555 3055 non
1588 3011 1798 3054 immerito
1830 3010 2060 3062 coniicias,
2106 3009 2274 3062 quando
2306 3010 2383 3052 lios
2413 3010 2521 3053 duos

373 3095 562 3130 oratores
595 3102 695 3141 prae
727 3089 876 3130 ceteris
907 3088 1075 3130 nomine
1107 3089 1347 3141 compellet,
1380 3089 1421 3130 in
1453 3100 1527 3131 eos
1548 3088 1673 3130 etiam
1697 3086 1930 3129 orationem
1952 3086 2035 3127 sive
2059 3084 2382 3138 cavillationem,
2414 3098 2519 3139 quae

372 3165 507 3206 statim
541 3165 754 3217 sequitur,
794 3165 1054 3215 potissimum
1087 3164 1256 3206 tendere
1288 3164 1455 3206 debere.
1503 3162 1585 3206 Sed
1620 3168 1758 3205 tamen
1788 3161 1868 3203 hoc
1900 3173 1981 3203 non
2015 3159 2139 3202 nimis
2169 3159 2399 3210 urgendum
2432 3167 2519 3216 est3
